=LDR  03258 as a22007573  4500
=001  005440742
=003  Uk
=005  20210516191310.0
=008  040409u||||||||vaua|\p|||\\\\0\\\|0eng\\
=019  c\$a2583333
=022  0\$a0889-5546
=040  \\$aUk$cUk
=245  00$aCURRENT -PACIFIC GROVE CA-.
=336  \\$atext$2rdacontent
=337  \\$aunmediated$2rdamedia
=338  \\$avolume$2rdacarrier
=540  \\$aBritish Library not licensed to copy$c0$5Uk
=595  \\$aSEE CARD INDEX.
=776  08$iAlso issued online as:$tCurrent (Gloucester Point, Va.)$x2632-850X
=883  0\$aLanguage codes assigned by Bayesian analysis of words present in record$d20210115$qUk$c0.9450
=945  \\$aCURRENT -PACIFIC GROVE CA-.
=979  \\$aBritish Library$bDSC$j3493.775000N$xNot selected
=985  \\$aCorrected by BSS-generated file for WR# 10/166
=985  \\$a**Ubiquity Press (London) to start publishing this title in late 2019 - see ISSN UK (Richard (Leeds), 20/06/19) - will seek transfer of ISSN from U.S. in due course**
=A02  \\$a2583333
=ACF  \\$aPrevious copyright fee: GBP5.00$c0$e01-oct-2002$fGBP5.00$g0$hC$5Uk
=ACF  \\$aPrevious copyright fee: GBP10.50$c0$e01-jan-2011$fGBP10.50$g0$hA$5Uk
=ACF  \\$aBritish Library not licensed to copy$c0$e07-sep-2011$hC$iTX$5Uk
=ACF  \\$aBritish Library not licensed to copy$c0$e01-jan-2013$hC$iCFP Excluded$5Uk
=ACF  \\$aBritish Library not licensed to copy$c0$e01-jul-2013$hC$iCFP Excluded$5Uk
=ACF  \\$aBritish Library not licensed to copy$c0$e01-oct-2013$hC$iCFP Excluded$5Uk
=CAT  \\$aCONV$b00$c20040502$lBLL01$h1101
=CAT  \\$c20041008$lBLL01$h2215
=CAT  \\$aWR-09059$b40$c20090927$lBLL01$h1636
=CAT  \\$aBATCH$b00$c20091205$lBLL01$h2348
=CAT  \\$aBLSS-CORR$b00$c20101119$lBLL01$h1710
=CAT  \\$aBATCH-UPD$b00$c20101201$lBLL01$h1159
=CAT  \\$aIPL-CLA$c20101231$lBLL01$h1122
=CAT  \\$aBATCH-UPD$b00$c20110907$lBLL01$h1746
=CAT  \\$aIPL-CLA$c20110908$lBLL01$h1658
=CAT  \\$aWR12-140$c20121031$lBLL01$h1709
=CAT  \\$aBATCH-CLA$b00$c20121102$lBLL01$h1753
=CAT  \\$aBATCH-CLA$b00$c20121130$lBLL01$h1239
=CAT  \\$aIPL-CLA$c20121231$lBLL01$h1236
=CAT  \\$aIPL-CLA$c20130102$lBLL01$h1630
=CAT  \\$aWR13.005$c20130329$lBLL01$h1207
=CAT  \\$aBATCH-CLA$b00$c20130531$lBLL01$h1645
=CAT  \\$aIPL-CLA$c20130630$lBLL01$h2157
=CAT  \\$aBATCH-CLA$b00$c20130830$lBLL01$h1627
=CAT  \\$aIPL-CLA$c20130930$lBLL01$h1632
=CAT  \\$aBATCH-CLA$b00$c20131129$lBLL01$h1655
=CAT  \\$aIPL-CLA$c20131231$lBLL01$h1606
=CAT  \\$aBATCH-CLA$b00$c20140530$lBLL01$h1711
=CAT  \\$aIPL-CLA$c20140630$lBLL01$h1605
=CAT  \\$a10806$b40$c20190620$lBLL01$h1435
=CAT  \\$a8483$b40$c20210423$lBLL01$h1257
=CAT  \\$aW2102-0046$b00$c20210516$lBLL01$h1913
=CFI  0\$aBritish Library not licensed to copy$c0$e01-jul-2014$hC$iCFP Excluded$5Uk
=CFI  2\$aBritish Library not licensed to copy$c0$e01-jan-2014$hC$iCFP Excluded$5Uk
=FIN  \\$aY
=FMT  \\$a  SE
=LAS  \\$aW2102-0046$b00$c20210516$lBLL01$h1913
=LEO  \\$aMP10.0000176035
=SRC  \\$aDSS01$bbibmp10.200404.2.aa
=STA  \\$aSUPPRESSED$bNegative Record
=TCO  \\$aTRS$bCCC$c008

