=LDR  03186cas a22008053  4500
=001  005453822
=003  Uk
=005  20211231153432.0
=007  ta
=008  040409c199u9999|||uu\p\\\\\\\0\\\a0eng\\
=019  c\$a2578618
=022  0\$a1364-9760
=040  \\$aUk$cUk
=245  00$aFiltration newsletter.
=260  \\$bElsevier Science.
=336  \\$atext$2rdacontent
=337  \\$aunmediated$2rdamedia
=338  \\$avolume$2rdacarrier
=540  \\$aCurrent copyright fee: GBP34.30$c5\1$5Uk
=595  \\$aSEE CARD INDEX.
=776  0\$tFiltration newsletter (Online)$x1878-6197
=856  \\$31850-9999$uhttp://www.elsevier.com/journals$xBLDSS
=945  \\$aFiltration newsletter.
=979  \\$aBritish Library$bDSC$j3926.776700N
=985  \\$aISSN free on Portal
=A02  \\$a2578618
=ACF  \\$aPrevious copyright fee: GBP19.00$c5\5$e01-jan-2008$fGBP19.00$g0$hP$5Uk
=ACF  \\$aPrevious copyright fee: GBP18.00$c5\5$e01-apr-2004$fGBP18.00$g0$hP$5Uk
=ACF  \\$aCurrent copyright fee: GBP20.00$c5\5$e01-jan-2003$fGBP20.00$g0$hP$5Uk
=ACF  \\$aCurrent copyright fee: GBP15.00$c5\5$e04-sep-2002$fGBP15.00$g0$hP$5Uk
=ACF  \\$aPrevious copyright fee: GBP20.00$c5\1$e01-jan-2009$fGBP20.00$g0$hP$5Uk
=ACF  \\$aPrevious copyright fee: GBP21.00$c5\1$e01-jan-2012$fGBP21.00$g0$hP$5Uk
=ACF  \\$aPrevious copyright fee: GBP22.50$c5\1$e01-jan-2013$fGBP22.50$g0$hP$5Uk
=ACF  \\$aPrevious copyright fee: GBP23.40$c5\1$e01-jan-2018$fGBP23.40$g0$hP$5Uk
=CAT  \\$aCONV$b00$c20040502$lBLL01$h1101
=CAT  \\$aBATCH-UPD$b00$c20081231$lBLL01$h2149
=CAT  \\$aBATCH-UPD$b00$c20081231$lBLL01$h2343
=CAT  \\$aBATCH$b00$c20090101$lBLL01$h0113
=CAT  \\$aBATCH$b00$c20091205$lBLL01$h2354
=CAT  \\$aWR11_155$c20111021$lBLL01$h1324
=CAT  \\$aWR11_155$c20111114$lBLL01$h1645
=CAT  \\$aBATCH-UPD$b00$c20111123$lBLL01$h1849
=CAT  \\$aIPL-CLA$c20111230$lBLL01$h1629
=CAT  \\$aWR12-140$c20121031$lBLL01$h1711
=CAT  \\$aBATCH-CLA$b00$c20121102$lBLL01$h1752
=CAT  \\$aBATCH-UPD$b00$c20121121$lBLL01$h1652
=CAT  \\$aIPL-CLA$c20121231$lBLL01$h1237
=CAT  \\$aIPL-CLA$c20130102$lBLL01$h1631
=CAT  \\$aWR13.005$c20130329$lBLL01$h1218
=CAT  \\$a6537$b40$c20140818$lBLL01$h1430
=CAT  \\$aBLDSS-3PM$b00$c20141222$lBLL01$h1700
=CAT  \\$a8874$b40$c20150219$lBLL01$h0845
=CAT  \\$aBATCH-UPD$b40$c20160413$lBLL01$h1759
=CAT  \\$aBATCH-UPD$b40$c20160923$lBLL01$h1734
=CAT  \\$aBATCH-UPD$b40$c20171121$lBLL01$h1722
=CAT  \\$aIPL-CLA$c20171231$lBLL01$h1103
=CAT  \\$aBATCH-UPD$b00$c20190521$lBLL01$h1416
=CAT  \\$aIPL-CLA$c20190630$lBLL01$h1510
=CAT  \\$aBATCH-UPD$b00$c20211119$lBLL01$h1534
=CAT  \\$aIPL-CLA$c20211231$lBLL01$h1534
=CFI  0\$aCurrent copyright fee: GBP34.30$c5\1$e01-jan-2022$fGBP34.30$g0$hP$5Uk
=CFI  2\$aPrevious copyright fee: GBP32.84$c5\1$e01-jul-2019$fGBP32.84$g0$hP$5Uk
=FFP  \\$aY$bBLDSS-3PM
=FIN  \\$aY
=FMT  \\$a  SE
=LAS  \\$aIPL-CLA$b00$c20211231$lBLL01$h1534
=LEO  \\$aMP10.0000229485
=SRC  \\$aDSS01$bbibmp10.200404.2.aa
=TCO  \\$aCLA$bCLA$cCLA
=TOC  \\$aETOC

