=LDR  06021cas a2201201ua 4500
=001  005468114
=003  Uk
=005  20220930142229.0
=007  ta
=008  040409d20039999sz\qr\p\\\\\\\0\\\a0eng\\
=019  c\$a3011221
=022  0\$a1660-2250
=040  \\$aUk$cUk
=245  00$aInnovation in medicine.
=260  \\$aBasel :$bS. Karger
=310  \\$aQuarterly
=336  \\$atext$2rdacontent
=337  \\$aunmediated$2rdamedia
=338  \\$avolume$2rdacarrier
=540  \\$aCurrent copyright fee: GBP35.00$c24\0$5Uk
=776  0\$aInnovation in medicine$x1660-2269
=856  \\$31850-9999$uhttp://www.karger.com/$xBLDSS
=945  \\$aInnovation in medicine
=979  \\$aBritish Library$bDSC$j4515.480950N
=985  \\$aISSN suppressed on Portal.
=A02  \\$a3011221
=ACF  \\$aPrevious copyright fee: GBP23.75$c24\0$e01-oct-2011$fGBP23.75$g0$hP$5Uk
=ACF  \\$aPrevious copyright fee: GBP27.50$c24\0$e01-jul-2011$fGBP27.50$g0$hP$5Uk
=ACF  \\$aPrevious copyright fee: GBP28.39$c24\0$e01-apr-2011$fGBP28.39$g0$hP$5Uk
=ACF  \\$aPrevious copyright fee: GBP19.35$c24\0$e01-jul-2010$fGBP19.35$g0$hP$5Uk
=ACF  \\$aPrevious copyright fee: GBP18.18$c24\0$e01-jan-2010$fGBP18.18$g0$hP$5Uk
=ACF  \\$aPrevious copyright fee: GBP15.76$c24\0$e01-oct-2009$fGBP15.76$g0$hP$5Uk
=ACF  \\$aPrevious copyright fee: GBP18.57$c24\0$e01-apr-2009$fGBP18.57$g0$hP$5Uk
=ACF  \\$aPrevious copyright fee: GBP16.25$c24\0$e01-jan-2009$fGBP16.25$g0$hP$5Uk
=ACF  \\$aPrevious copyright fee: GBP12.25$c24\0$e01-jan-2008$fGBP12.25$g0$hP$5Uk
=ACF  \\$aPrevious copyright fee: GBP11.75$c24\0$e01-jul-2007$fGBP11.75$g0$hP$5Uk
=ACF  \\$aPrevious copyright fee: GBP12.05$c24\0$e01-apr-2007$fGBP12.05$g0$hP$5Uk
=ACF  \\$aPrevious copyright fee: GBP12.70$c24\0$e01-oct-2006$fGBP12.70$g0$hP$5Uk
=ACF  \\$aPrevious copyright fee: GBP13.43$c24\0$e01-apr-2006$fGBP13.43$g0$hP$5Uk
=ACF  \\$aPrevious copyright fee: GBP13.06$c24\0$e01-jan-2006$fGBP13.06$g0$hP$5Uk
=ACF  \\$aPrevious copyright fee: GBP11.90$c24\0$e01-apr-2005$fGBP11.90$g0$hP$5Uk
=ACF  \\$aPrevious copyright fee: GBP12.22$c24\0$e01-jan-2005$fGBP12.22$g0$hP$5Uk
=ACF  \\$aPrevious copyright fee: GBP11.35$c24\0$e01-apr-2004$fGBP11.35$g0$hP$5Uk
=ACF  \\$aCurrent copyright fee: GBP12.35$c24\0$e01-jan-2004$fGBP12.35$g0$hP$5Uk
=ACF  \\$aCurrent copyright fee: GBP12.19$c24\0$e23-jan-2003$fGBP12.19$g0$hP$5Uk
=ACF  \\$aPrevious copyright fee: GBP24.52$c24\0$e01-jan-2012$fGBP24.52$g0$hP$5Uk
=ACF  \\$aPrevious copyright fee: GBP23.03$c24\0$e01-jul-2012$fGBP23.03$g0$hP$5Uk
=ACF  \\$aPrevious copyright fee: GBP23.75$c24\0$e01-jan-2013$fGBP23.75$g0$hP$5Uk
=ACF  \\$aPrevious copyright fee: GBP24.52$c24\0$e01-jul-2013$fGBP24.52$g0$hP$5Uk
=ACF  \\$aPrevious copyright fee: GBP24.69$c24\0$e01-jan-2014$fGBP24.69$g0$hP$5Uk
=ACF  \\$aPrevious copyright fee: GBP23.94$c24\0$e01-jul-2014$fGBP23.94$g0$hP$5Uk
=ACF  \\$aPrevious copyright fee: GBP25.48$c24\0$e01-apr-2015$fGBP25.48$g0$hP$5Uk
=ACF  \\$aPrevious copyright fee: GBP26.33$c24\0$e01-jul-2015$fGBP26.33$g0$hP$5Uk
=ACF  \\$aPrevious copyright fee: GBP25.48$c24\0$e01-oct-2015$fGBP25.48$g0$hP$5Uk
=ACF  \\$aPrevious copyright fee: GBP27.24$c24\0$e01-apr-2016$fGBP27.24$g0$hP$5Uk
=ACF  \\$aPrevious copyright fee: GBP29.26$c24\0$e01-oct-2016$fGBP29.26$g0$hP$5Uk
=ACF  \\$aPrevious copyright fee: GBP31.60$c24\0$e01-apr-2017$fGBP31.60$g0$hP$5Uk
=ACF  \\$aPrevious copyright fee: GBP30.38$c24\0$e01-oct-2017$fGBP30.38$g0$hP$5Uk
=ACF  \\$aPrevious copyright fee: GBP28.21$c24\0$e01-apr-2018$fGBP28.21$g0$hP$5Uk
=ACF  \\$aPrevious copyright fee: GBP30.38$c24\0$e01-oct-2018$fGBP30.38$g0$hP$5Uk
=ACF  \\$aPrevious copyright fee: GBP31.60$c24\0$e01-oct-2019$fGBP31.60$g0$hP$5Uk
=ACF  \\$aPrevious copyright fee: GBP30.38$c24\0$e01-apr-2020$fGBP30.38$g0$hP$5Uk
=ACF  \\$aPrevious copyright fee: GBP31.60$c24\0$e01-jul-2020$fGBP31.60$g0$hP$5Uk
=ACF  \\$aPrevious copyright fee: GBP33.60$c24\0$e01-jan-2021$fGBP33.60$g0$hP$5Uk
=ACF  \\$aPrevious copyright fee: GBP31.11$c24\0$e01-apr-2021$fGBP31.11$g0$hP$5Uk
=ACF  \\$aPrevious copyright fee: GBP30.00$c24\0$e07-jul-2021$fGBP30.00$g0$hP$5Uk
=CAT  \\$aCONV$b00$c20040502$lBLL01$h1101
=CAT  \\$aIPL-CLA$c20160930$lBLL01$h1503
=CAT  \\$aBATCH-UPD$b00$c20170216$lBLL01$h1911
=CAT  \\$aIPL-CLA$c20170331$lBLL01$h1750
=CAT  \\$aBATCH-UPD$b00$c20170904$lBLL01$h1920
=CAT  \\$aIPL-CLA$c20170929$lBLL01$h1630
=CAT  \\$aBATCH-UPD$b00$c20180223$lBLL01$h1751
=CAT  \\$aIPL-CLA$c20180331$lBLL01$h1519
=CAT  \\$aBATCH-UPD$b00$c20180823$lBLL01$h1937
=CAT  \\$aIPL-CLA$c20180930$lBLL01$h1430
=CAT  \\$aBATCH-UPD$b00$c20190829$lBLL01$h1534
=CAT  \\$aIPL-CLA$c20190930$lBLL01$h1609
=CAT  \\$aBATCH-UPD$b00$c20200219$lBLL01$h1516
=CAT  \\$aIPL-CLA$c20200331$lBLL01$h1544
=CAT  \\$aBATCH-UPD$b00$c20200522$lBLL01$h1501
=CAT  \\$aIPL-CLA$c20200701$lBLL01$h0022
=CAT  \\$aBATCH-UPD$b00$c20201126$lBLL01$h1119
=CAT  \\$aIPL-CLA$c20201231$lBLL01$h1517
=CAT  \\$aBATCH-UPD$b00$c20210226$lBLL01$h1043
=CAT  \\$aIPL-CLA$c20210331$lBLL01$h1654
=CAT  \\$aBATCH-UPD$b00$c20210707$lBLL01$h1607
=CAT  \\$aIPL-CLA$c20210707$lBLL01$h1841
=CAT  \\$aBATCH-UPD$b00$c20220520$lBLL01$h1646
=CAT  \\$aIPL-CLA$c20220630$lBLL01$h1533
=CAT  \\$aBATCH-UPD$b00$c20220824$lBLL01$h0911
=CAT  \\$aIPL-CLA$c20220930$lBLL01$h1422
=CFI  0\$aCurrent copyright fee: GBP35.00$c24\0$e01-oct-2022$fGBP35.00$g0$hP$5Uk
=CFI  2\$aPrevious copyright fee: GBP33.60$c24\0$e01-jul-2022$fGBP33.60$g0$hP$5Uk
=FFP  \\$aY$bBLDSS-3PM
=FIN  \\$aY
=FMT  \\$a  SE
=LAS  \\$aIPL-CLA$b00$c20220930$lBLL01$h1422
=LEO  \\$aMP10.0000287032
=SRC  \\$aDSS01$bbibmp10.200404.2.aa
=TCO  \\$aCHE$bPRO LITTERIS$c008
=TOC  \\$aETOC
=UNO  \\$aY

