=LDR  04469 as a2200997ua 4500
=001  005478977
=003  Uk
=005  20160720124717.0
=007  ta
=008  040409c19989999cc\fr\p\\\\\\\0\\\e0chi\\
=019  c\$a2611527
=022  0\$a1099-4882
=040  \\$aUk$cUk$dUk
=245  00$aShe hui li lun xue bao =$bJournal of social theory.
=246  31$aJournal of social theory
=260  \\$aXianggang :$bXianggang li gong da xue ying yong she huike xue xi ;$aRiver Edge, N.J. :$bBa fang wen hua qi ye gong si,$c1998-
=300  \\$av. ;$c23 cm.
=310  \\$aSemiannual
=336  \\$atext$2rdacontent
=337  \\$aunmediated$2rdamedia
=338  \\$avolume$2rdacarrier
=362  1\$aBegan in 1998.
=540  \\$aCurrent copyright fee: GBP35.00$c28\0$5Uk
=546  \\$aIn Chinese, with table of contents also in English.
=595  \\$aSEE CARD INDEX.
=650  \0$aSociology$vPeriodicals.
=856  \\$31850-9999$uhttp://www.worldscientific.com/$xBLDSS
=945  \\$aJOURNAL OF SOCIAL THEORY.
=979  \\$aBritish Library$bDSC$j5064.914300N
=985  \\$aISSN free on Portal.
=A02  \\$a2611527
=ACF  \\$aPrevious copyright fee: GBP18.75$c28\0$e01-jul-2011$fGBP18.75$g0$hP$5Uk
=ACF  \\$aPrevious copyright fee: GBP16.13$c28\0$e01-jul-2010$fGBP16.13$g0$hP$5Uk
=ACF  \\$aPrevious copyright fee: GBP15.15$c28\0$e01-oct-2009$fGBP15.15$g0$hP$5Uk
=ACF  \\$aPrevious copyright fee: GBP17.86$c28\0$e01-apr-2009$fGBP17.86$g0$hP$5Uk
=ACF  \\$aPrevious copyright fee: GBP15.63$c28\0$e01-jan-2009$fGBP15.63$g0$hP$5Uk
=ACF  \\$aPrevious copyright fee: GBP12.50$c28\0$e01-jul-2007$fGBP12.50$g0$hP$5Uk
=ACF  \\$aPrevious copyright fee: GBP12.82$c28\0$e01-apr-2007$fGBP12.82$g0$hP$5Uk
=ACF  \\$aPrevious copyright fee: GBP13.52$c28\0$e01-oct-2006$fGBP13.52$g0$hP$5Uk
=ACF  \\$aPrevious copyright fee: GBP14.29$c28\0$e01-apr-2006$fGBP14.29$g0$hP$5Uk
=ACF  \\$aPrevious copyright fee: GBP13.89$c28\0$e01-jan-2006$fGBP13.89$g0$hP$5Uk
=ACF  \\$aPrevious copyright fee: GBP13.51$c28\0$e01-apr-2005$fGBP13.51$g0$hP$5Uk
=ACF  \\$aPrevious copyright fee: GBP13.89$c28\0$e01-jan-2005$fGBP13.89$g0$hP$5Uk
=ACF  \\$aPrevious copyright fee: GBP13.30$c28\0$e04-sep-2002$fGBP13.30$g0$hP$5Uk
=ACF  \\$aPrevious copyright fee: GBP19.35$c28\0$e01-jan-2012$fGBP19.35$g0$hP$5Uk
=ACF  \\$aPrevious copyright fee: GBP18.18$c28\0$e01-jul-2012$fGBP18.18$g0$hP$5Uk
=ACF  \\$aPrevious copyright fee: GBP19.35$c28\0$e01-jul-2013$fGBP19.35$g0$hP$5Uk
=ACF  \\$aPrevious copyright fee: GBP18.75$c28\0$e01-jan-2013$fGBP18.75$g0$hP$5Uk
=ACF  \\$aPrevious copyright fee: GBP20.00$c28\0$e26-jul-2013$fGBP20.00$g0$hP$5Uk
=ACF  \\$aPrevious copyright fee: GBP25.00$c28\0$e01-oct-2016$fGBP25.00$g0$hP$5Uk
=CAT  \\$aCONV$b00$c20040502$lBLL01$h1101
=CAT  \\$aIPL-CLA$c20110630$lBLL01$h1502
=CAT  \\$aBATCH-UPD$b00$c20111123$lBLL01$h1843
=CAT  \\$aIPL-CLA$c20111230$lBLL01$h1632
=CAT  \\$aBATCH-UPD$b00$c20120518$lBLL01$h1720
=CAT  \\$aIPL-CLA$c20120629$lBLL01$h0941
=CAT  \\$aWR12-140$c20121031$lBLL01$h1714
=CAT  \\$aBATCH-CLA$b00$c20121102$lBLL01$h1750
=CAT  \\$aBATCH-UPD$b00$c20121121$lBLL01$h1632
=CAT  \\$aIPL-CLA$c20121231$lBLL01$h1237
=CAT  \\$aIPL-CLA$c20130102$lBLL01$h1633
=CAT  \\$aWR13.005$c20130329$lBLL01$h1242
=CAT  \\$aBATCH-UPD$b00$c20130522$lBLL01$h1735
=CAT  \\$aIPL-CLA$c20130630$lBLL01$h2159
=CAT  \\$a5552$b40$c20130726$lBLL01$h1156
=CAT  \\$a6537$b40$c20140812$lBLL01$h1523
=CAT  \\$a6537$b40$c20140812$lBLL01$h1524
=CAT  \\$aBLDSS-3PM$b00$c20141208$lBLL01$h1619
=CAT  \\$a8874$b40$c20141209$lBLL01$h0803
=CAT  \\$aBATCH-UPD$b40$c20160413$lBLL01$h1759
=CAT  \\$a5552$b40$c20160720$lBLL01$h1247
=CAT  \\$aIPL-CLA$c20160930$lBLL01$h1503
=CAT  \\$aBATCH-UPD$b00$c20170315$lBLL01$h1204
=CAT  \\$aIPL-CLA$c20170315$lBLL01$h1248
=CAT  \\$aBATCH-UPD$b00$c20180524$lBLL01$h1736
=CAT  \\$aIPL-CLA$c20180630$lBLL01$h1850
=CFI  0\$aCurrent copyright fee: GBP35.00$c28\0$e01-jul-2018$fGBP35.00$g0$hP$5Uk
=CFI  2\$aPrevious copyright fee: GBP30.00$c28\0$e15-mar-2017$fGBP30.00$g0$hP$5Uk
=FFP  \\$aY$bBLDSS-3PM
=FIN  \\$aY
=FMT  \\$a  SE
=LAS  \\$aIPL-CLA$b00$c20180630$lBLL01$h1850
=LEO  \\$aMP10.0000325765
=SRC  \\$aDSS01$bbibmp10.200404.2.aa
=TCO  \\$aZZZ$c008
=TOC  \\$aETOC

