=LDR  03375cas a22007573  4500
=001  005531374
=003  Uk
=005  20221231161758.0
=008  040410u|||||||||||a|\p|||\\\\0\\\|0eng\\
=019  c\$a2313685
=040  \\$aUk$cUk
=245  00$aSHORT BOOK REVIEWS- INTERNATIONAL STATISTICAL INSTITUTE.
=336  \\$atext$2rdacontent
=337  \\$aunmediated$2rdamedia
=338  \\$avolume$2rdacarrier
=540  \\$aCurrent Copyright Fee: GBP25.00$c0$5Uk
=595  \\$aSEE CARD INDEX.
=883  0\$aLanguage codes assigned by Bayesian analysis of words present in record$d20210115$qUk$c0.9450
=945  \\$aSHORT BOOK REVIEWS- INTERNATIONAL STATISTICAL INSTITUTE.
=979  \\$aBritish Library$bDSC$j8268.520000N$xNot selected
=985  \\$aISSN UK - 'International statistical review' ISSN 0306-7734 (rec. no. 10188331) will be incorporating this title in 2007, and will then be published by Blackwell. 29/8/06.
=A02  \\$a2313685
=ACF  \\$aPrevious copyright fee: GBP9.00$c0$e01-apr-2010$fGBP9.00$g0$hA$5Uk
=ACF  \\$aPrevious copyright fee: GBP6.00$c0$e01-apr-2008$fGBP6.00$g0$hA$5Uk
=ACF  \\$aPrevious copyright fee: GBP5.00$c0$e01-oct-2002$fGBP5.00$g0$hA$5Uk
=ACF  \\$aPrevious copyright fee: GBP10.50$c0$e01-jan-2011$fGBP10.50$g0$hA$5Uk
=ACF  \\$aPrevious copyright fee: GBP12.00$c0$e01-jan-2012$fGBP12.00$g0$hA$5Uk
=ACF  \\$aPrevious Copyright Fee: GBP12.30$c0$e01-jan-2014$fGBP12.30$g0$hA$5Uk
=ACF  \\$aPrevious Copyright Fee: GBP15.00$c0$e01-jan-2017$fGBP15.00$g0$hA$5Uk
=ACF  \\$aPrevious Copyright Fee: GBP17.50$c0$e01-jan-2018$fGBP17.50$g0$hA$5Uk
=ACF  \\$aPrevious Copyright Fee: GBP20.00$c0$e01-jan-2020$fGBP20.00$g0$hA$5Uk
=CAT  \\$aCONV$b00$c20040502$lBLL01$h1103
=CAT  \\$aBATCH-UPD$b00$c20100401$lBLL01$h0008
=CAT  \\$aBATCH$b00$c20100401$lBLL01$h0323
=CAT  \\$aBATCH$b00$c20100401$lBLL01$h1320
=CAT  \\$aBATCH-UPD$b00$c20101124$lBLL01$h1714
=CAT  \\$aBATCH-UPD$b00$c20101125$lBLL01$h0937
=CAT  \\$aIPL-CLA$c20101231$lBLL01$h1134
=CAT  \\$aWR11_203$c20111204$lBLL01$h1239
=CAT  \\$aIPL-CLA$c20111230$lBLL01$h1638
=CAT  \\$aWR12-140$c20121031$lBLL01$h1722
=CAT  \\$aBATCH-CLA$b00$c20121103$lBLL01$h1037
=CAT  \\$aWR13.005$c20130322$lBLL01$h1836
=CAT  \\$aBATCH-CLA$c20131211$lBLL01$h1828
=CAT  \\$aIPL-CLA$c20131231$lBLL01$h1618
=CAT  \\$aBATCH-CLA$b00$c20161222$lBLL01$h1603
=CAT  \\$aIPL-CLA$c20161230$lBLL01$h1519
=CAT  \\$aBATCH-CLA$b00$c20171222$lBLL01$h1850
=CAT  \\$aIPL-CLA$c20171231$lBLL01$h1108
=CAT  \\$aBATCH-CLA$b00$c20191219$lBLL01$h1522
=CAT  \\$aIPL-CLA$c20191231$lBLL01$h1528
=CAT  \\$aR2001-1524$c20200127$lBLL01$h1908
=CAT  \\$aBATCH-CLA$b00$c20201204$lBLL01$h1308
=CAT  \\$aIPL-CLA$c20201231$lBLL01$h1655
=CAT  \\$aW2102-0046$b00$c20210423$lBLL01$h1807
=CAT  \\$aBATCH-CLA$b00$c20221221$lBLL01$h1605
=CAT  \\$aIPL-CLA$c20221231$lBLL01$h1617
=CFI  0\$aCurrent Copyright Fee: GBP25.00$c0$e01-jan-2023$fGBP25.00$g0$hA$5Uk
=CFI  2\$aPrevious Copyright Fee: GBP22.50$c0$e01-jan-2021$fGBP22.50$g0$hA$5Uk
=FIN  \\$aY
=FMT  \\$a  SE
=LAS  \\$aIPL-CLA$b00$c20221231$lBLL01$h1617
=LEO  \\$aMP10.0000534156
=SRC  \\$aDSS01$bbibmp10.200404.2.aa
=STA  \\$aSUPPRESSED$bNegative Record
=TCO  \\$aZZZ$c008

