=LDR  05623 as a2201177 a 4500
=001  007743563
=003  Uk
=005  20100322133435.0
=006  aac\\|||||||||||||
=007  ta
=008  920318c19919999enkw|2n|||\\\||\\\a0eng\\
=015  \\$aGB9212855$2bnb
=019  y\$ab9212855
=019  9\$ab9212855
=022  1\$a0965-8815$202
=039  0\$a2179
=040  \\$aUk$cUk
=082  04$a072.548$220
=222  \0$aCoalville mail
=245  00$aCoalville Mail.
=260  \\$aLeicester (St. George St., Leicester) :$bLeicester Mercury Group,$c1991-
=300  \\$av. :$bill., ports. ;$c44cm.
=310  \\$aWeekly
=336  \\$atext$2rdacontent
=337  \\$aunmediated$2rdamedia
=338  \\$avolume$2rdacarrier
=362  0\$aNo. 69 (Oct. 10th, 1991)-
=540  \\$aBritish Library not licensed to copy$c0$5Uk
=580  \\$aContinues in part: Ashby & Coalville Mail.
=653  1\$aEnglish newspapers
=653  1\$aLeicestershire (England)
=730  0\$aAshby & Coalville Mail,$x0964-2935.
=740  0\$aAshby Mail.
=985  \\$aISSN title sequence does not match with NPL sequence. DO NOT MERGE WITH NPL RECORDS.
=ACF  \\$aBritish Library not licensed to copy$c0$e01-apr-2012$hC$iCLA Excluded$5Uk
=ACF  \\$aBritish Library not licensed to copy$c0$e01-jan-2012$hC$iCLA Excluded$5Uk
=ACF  \\$aBritish Library not licensed to copy$c0$e01-oct-2011$hC$iCLA Excluded$5Uk
=ACF  \\$aBritish Library not licensed to copy$c0$e01-jul-2011$hC$iCLA Excluded$5Uk
=ACF  \\$aBritish Library not licensed to copy$c0$e01-apr-2011$hC$iCLA Excluded$5Uk
=ACF  \\$aBritish Library not licensed to copy$c0$e01-jan-2011$hC$iCLA Excluded$5Uk
=ACF  \\$aBritish Library not licensed to copy$c0$e01-oct-2010$hC$iCLA Excluded$5Uk
=ACF  \\$aBritish Library not licensed to copy$c0$e01-jul-2010$hC$iCLA Excluded$5Uk
=ACF  \\$aBritish Library not licensed to copy$c0$e01-apr-2010$hC$iCLA Excluded$5Uk
=ACF  \\$aBritish Library not licensed to copy$c0$e01-Jan-2010$hC$iCLA Excluded$5Uk
=ACF  \\$aBritish Library not licensed to copy$c0$e01-oct-2009$hC$iCLA Excluded$5Uk
=ACF  \\$aBritish Library not licensed to copy$c0$e01-jul-2009$hC$iCLA Excluded$5Uk
=ACF  \\$aBritish Library not licensed to copy$c0$e01-apr-2009$hC$iCLA Excluded$5Uk
=ACF  \\$aBritish Library not licensed to copy$c0$e01-jan-2009$hC$iCLA Excluded$5Uk
=ACF  \\$aBritish Library not licensed to copy$c0$e01-oct-2008$hC$iCLA Excluded$5Uk
=ACF  \\$aBritish Library not licensed to copy$c0$e01-jul-2008$hC$iCLA Excluded$5Uk
=ACF  \\$aBritish Library not licensed to copy$c0$e01-apr-2008$hC$iCLA Excluded$5Uk
=ACF  \\$aBritish Library not licensed to copy$c0$e01-jan-2008$hC$iCLA Excluded$5Uk
=ACF  \\$aBritish Library not licensed to copy$c0$e01-oct-2007$hC$iCLA Excluded$5Uk
=ACF  \\$aBritish Library not licensed to copy$c0$e01-jul-2007$hC$iCLA Excluded$5Uk
=ACF  \\$aBritish Library not licensed to copy$c0$e01-apr-2007$hC$iCLA Excluded$5Uk
=ACF  \\$aBritish Library not licensed to copy$c0$e01-jan-2007$hC$iCLA Excluded$5Uk
=ACF  \\$aBritish Library not licensed to copy$c0$e01-oct-2006$hC$iCLA Excluded$5Uk
=ACF  \\$aBritish Library not licensed to copy$c0$e01-jul-2006$hC$iCLA Excluded$5Uk
=ACF  \\$aBritish Library not licensed to copy$c0$e01-apr-2006$hC$iCLA Excluded$5Uk
=ACF  \\$aBritish Library not licensed to copy$c0$e01-jan-2006$hC$iCLA Excluded$5Uk
=ACF  \\$aBritish Library not licensed to copy$c0$e01-oct-2005$hC$iCLA Excluded$5Uk
=ACF  \\$aBritish Library not licensed to copy$c0$e01-jul-2005$hC$iCLA Excluded$5Uk
=ACF  \\$aBritish Library not licensed to copy$c0$e01-apr-2005$hC$iCLA Excluded$5Uk
=ACF  \\$aBritish Library not licensed to copy$c0$e01-jul-2012$hC$iCLA Excluded$5Uk
=ACF  \\$aBritish Library not licensed to copy$c0$e01-oct-2012$hC$iCFP Excluded$5Uk
=CAT  \\$aWR09-126
=CAT  \\$aBATCH-CLA$b00$c20100831$lBLL01$h1534
=CAT  \\$aIPL-CLA$c20100930$lBLL01$h1449
=CAT  \\$aBATCH-CLA$b00$c20101115$lBLL01$h1549
=CAT  \\$aIPL-CLA$c20101231$lBLL01$h1200
=CAT  \\$aBATCH-CLA$b00$c20110228$lBLL01$h1546
=CAT  \\$aIPL-CLA$c20110331$lBLL01$h1429
=CAT  \\$aBATCH-CLA$b00$c20110531$lBLL01$h1643
=CAT  \\$aIPL-CLA$c20110630$lBLL01$h1509
=CAT  \\$aBATCH-CLA$b00$c20110831$lBLL01$h1803
=CAT  \\$aIPL-CLA$c20110930$lBLL01$h1508
=CAT  \\$aBATCH-CLA$b00$c20111130$lBLL01$h1156
=CAT  \\$aIPL-CLA$c20111230$lBLL01$h1704
=CAT  \\$aBATCH-CLA$b00$c20120229$lBLL01$h1559
=CAT  \\$aIPL-CLA$c20120330$lBLL01$h1354
=CAT  \\$aBATCH-CLA$b00$c20120531$lBLL01$h1718
=CAT  \\$aIPL-CLA$c20120629$lBLL01$h0950
=CAT  \\$aBATCH-CLA$b00$c20120831$lBLL01$h1544
=CAT  \\$aIPL-CLA$c20120930$lBLL01$h2003
=CAT  \\$aBATCH-CLA$b00$c20121103$lBLL01$h1023
=CAT  \\$aWR12_128$c20121113$lBLL01$h1839
=CAT  \\$aWR14_140$c20140905$lBLL01$h1722
=CAT  \\$aBATCH-CLA$b00$c20141128$lBLL01$h0926
=CAT  \\$aIPL-CLA$c20141231$lBLL01$h1641
=CAT  \\$aBATCH-CLA$b00$c20150227$lBLL01$h1631
=CAT  \\$aIPL-CLA$c20150331$lBLL01$h1615
=CFI  0\$aBritish Library not licensed to copy$c0$e01-apr-2015$hC$iCFP Excluded$5Uk
=CFI  2\$aPrevious Copyright Fee: GBP12.30$c0$e01-jan-2015$fGBP12.30$g0$hC$5Uk
=FIN  \\$aY
=FMT  \\$a  SE
=LAS  \\$aIPL-CLA$b00$c20150331$lBLL01$h1615
=LEO  \\$aMP5.0000798035
=LEO  \\$aMP22.0000037605
=SRC  \\$aBNB03$bbibmp5.200404.2.ab
=SRC  \\$aISN01$bbibmp22.200404.2.aa
=TCO  \\$aCLA$bCLA$c008

