=LDR  05738 as a2201177 a 4500
=001  008412386
=003  Uk
=005  20100322133424.0
=006  aa\\\|||||||||||||
=007  ta
=008  920618c19919999enkw|2n|||\\\||\\\a0eng\\
=015  \\$aGB9219980$2bnb
=019  y\$ab9219980
=019  9\$ab9219980
=022  1\$a0965-8904$202
=039  0\$a2185
=040  \\$aUk$cUk
=082  04$a072$220
=222  \0$aAshby mail
=245  00$aAshby mail.
=260  \\$aLeicester :$bLeicester Mercury Group,$c1991-
=300  \\$av. :$bill. ;$c40cm.
=336  \\$atext$2rdacontent
=337  \\$aunmediated$2rdamedia
=338  \\$avolume$2rdacarrier
=362  0\$aNo.69 (Oct.17 1991)-
=540  \\$aBritish Library not licensed to copy$c0$5Uk
=580  \\$aContinues: Ashby & Colville mail.
=653  1\$aEnglish newspapers
=730  0\$aAshby & Colville mail,$x0964-2935.
=985  \\$aISSN title sequence does not match with NPL sequence. DO NOT MERGE WITH NPL RECORDS.
=ACF  \\$aBritish Library not licensed to copy$c0$e01-apr-2012$hC$iCLA Excluded$5Uk
=ACF  \\$aBritish Library not licensed to copy$c0$e01-jan-2012$hC$iCLA Excluded$5Uk
=ACF  \\$aBritish Library not licensed to copy$c0$e01-oct-2011$hC$iCLA Excluded$5Uk
=ACF  \\$aBritish Library not licensed to copy$c0$e01-jul-2011$hC$iCLA Excluded$5Uk
=ACF  \\$aBritish Library not licensed to copy$c0$e01-apr-2011$hC$iCLA Excluded$5Uk
=ACF  \\$aBritish Library not licensed to copy$c0$e01-jan-2011$hC$iCLA Excluded$5Uk
=ACF  \\$aBritish Library not licensed to copy$c0$e01-oct-2010$hC$iCLA Excluded$5Uk
=ACF  \\$aBritish Library not licensed to copy$c0$e01-jul-2010$hC$iCLA Excluded$5Uk
=ACF  \\$aBritish Library not licensed to copy$c0$e01-apr-2010$hC$iCLA Excluded$5Uk
=ACF  \\$aBritish Library not licensed to copy$c0$e01-Jan-2010$hC$iCLA Excluded$5Uk
=ACF  \\$aBritish Library not licensed to copy$c0$e01-oct-2009$hC$iCLA Excluded$5Uk
=ACF  \\$aBritish Library not licensed to copy$c0$e01-jul-2009$hC$iCLA Excluded$5Uk
=ACF  \\$aBritish Library not licensed to copy$c0$e01-apr-2009$hC$iCLA Excluded$5Uk
=ACF  \\$aBritish Library not licensed to copy$c0$e01-jan-2009$hC$iCLA Excluded$5Uk
=ACF  \\$aBritish Library not licensed to copy$c0$e01-oct-2008$hC$iCLA Excluded$5Uk
=ACF  \\$aBritish Library not licensed to copy$c0$e01-jul-2008$hC$iCLA Excluded$5Uk
=ACF  \\$aBritish Library not licensed to copy$c0$e01-apr-2008$hC$iCLA Excluded$5Uk
=ACF  \\$aBritish Library not licensed to copy$c0$e01-jan-2008$hC$iCLA Excluded$5Uk
=ACF  \\$aBritish Library not licensed to copy$c0$e01-oct-2007$hC$iCLA Excluded$5Uk
=ACF  \\$aBritish Library not licensed to copy$c0$e01-jul-2007$hC$iCLA Excluded$5Uk
=ACF  \\$aBritish Library not licensed to copy$c0$e01-apr-2007$hC$iCLA Excluded$5Uk
=ACF  \\$aBritish Library not licensed to copy$c0$e01-jan-2007$hC$iCLA Excluded$5Uk
=ACF  \\$aBritish Library not licensed to copy$c0$e01-oct-2006$hC$iCLA Excluded$5Uk
=ACF  \\$aBritish Library not licensed to copy$c0$e01-jul-2006$hC$iCLA Excluded$5Uk
=ACF  \\$aBritish Library not licensed to copy$c0$e01-apr-2006$hC$iCLA Excluded$5Uk
=ACF  \\$aBritish Library not licensed to copy$c0$e01-jan-2006$hC$iCLA Excluded$5Uk
=ACF  \\$aBritish Library not licensed to copy$c0$e01-oct-2005$hC$iCLA Excluded$5Uk
=ACF  \\$aBritish Library not licensed to copy$c0$e01-jul-2005$hC$iCLA Excluded$5Uk
=ACF  \\$aBritish Library not licensed to copy$c0$e01-apr-2005$hC$iCLA Excluded$5Uk
=ACF  \\$aBritish Library not licensed to copy$c0$e01-jan-2005$hC$iCLA Excluded$5Uk
=ACF  \\$aBritish Library not licensed to copy$c0$e01-oct-2004$hC$iCLA Excluded$5Uk
=ACF  \\$aBritish Library not licensed to copy$c0$e01-jul-2012$hC$iCLA Excluded$5Uk
=ACF  \\$aBritish Library not licensed to copy$c0$e01-oct-2012$hC$iCFP Excluded$5Uk
=ACF  \\$aBritish Library not licensed to copy$c0$e01-jan-2014$hC$iCFP Excluded$5Uk
=CAT  \\$aWR09-126
=CAT  \\$aBATCH-CLA$b00$c20101115$lBLL01$h1549
=CAT  \\$aIPL-CLA$c20101231$lBLL01$h1218
=CAT  \\$aBATCH-CLA$b00$c20110228$lBLL01$h1546
=CAT  \\$aIPL-CLA$c20110331$lBLL01$h1432
=CAT  \\$aBATCH-CLA$b00$c20110531$lBLL01$h1642
=CAT  \\$aIPL-CLA$c20110630$lBLL01$h1513
=CAT  \\$aBATCH-CLA$b00$c20110831$lBLL01$h1758
=CAT  \\$aIPL-CLA$c20110930$lBLL01$h1511
=CAT  \\$aBATCH-CLA$b00$c20111130$lBLL01$h1154
=CAT  \\$aIPL-CLA$c20111230$lBLL01$h1722
=CAT  \\$aBATCH-CLA$b00$c20120229$lBLL01$h1558
=CAT  \\$aIPL-CLA$c20120330$lBLL01$h1358
=CAT  \\$aBATCH-CLA$b00$c20120531$lBLL01$h1717
=CAT  \\$aIPL-CLA$c20120629$lBLL01$h0954
=CAT  \\$aBATCH-CLA$b00$c20120831$lBLL01$h1544
=CAT  \\$aIPL-CLA$c20120930$lBLL01$h2011
=CAT  \\$aBATCH-CLA$b00$c20121104$lBLL01$h1036
=CAT  \\$aWR12_128$c20121113$lBLL01$h1832
=CAT  \\$aBATCH-CLA$b00$c20131129$lBLL01$h1658
=CAT  \\$aIPL-CLA$c20131231$lBLL01$h1916
=CAT  \\$aWR14_140$c20140905$lBLL01$h1727
=CAT  \\$aBATCH-CLA$b00$c20141128$lBLL01$h0929
=CAT  \\$aIPL-CLA$c20141231$lBLL01$h1642
=CAT  \\$aBATCH-CLA$b00$c20150227$lBLL01$h1631
=CAT  \\$aIPL-CLA$c20150331$lBLL01$h1618
=CFI  0\$aBritish Library not licensed to copy$c0$e01-apr-2015$hC$iCFP Excluded$5Uk
=CFI  2\$aPrevious Copyright Fee: GBP12.30$c0$e01-jan-2015$fGBP12.30$g0$hC$5Uk
=FIN  \\$aY
=FMT  \\$a  SE
=LAS  \\$aIPL-CLA$b00$c20150331$lBLL01$h1618
=LEO  \\$aMP5.0000799233
=LEO  \\$aMP22.0000037610
=SRC  \\$aBNB03$bbibmp5.200404.2.ab
=SRC  \\$aISN01$bbibmp22.200404.2.aa
=TCO  \\$aCLA$bCLA$c008

