=LDR  01455cas a22003973i 4500
=001  009544565
=003  Uk
=005  20220311133851.0
=007  ta
=008  040419c19589999xxka|2\|||\\\||\\\a0eng\\
=022  0\$a0083-7245$202
=030  \\$aGIRWA3
=040  \\$aUk$cUk
=210  0\$aRep. - G.B., Warren Spring Lab.
=222  \0$aReport - Great Britain, Warren Spring Laboratory
=245  00$aReport - Great Britain, Warren Spring Laboratory
=246  03$aWarren Spring Laboratory (Great Britain), Report
=246  03$aGreat Britain, Department of Scientific and Industrial Research, Report of the Warren Spring Laboratory
=260  \\$aLondon :$bHer Majesty's Stationery Office.
=336  \\$atext$2rdacontent
=337  \\$aunmediated$2rdamedia
=338  \\$avolume$2rdacarrier
=780  00$tFuel Research. Great Britain, Department of Scientific and Industrial Research$x0367-4037
=985  \\$aISSN cancelled. See 0585-2765 'Report of the Director - Warren Spring Laboratory'
=CAT  \\$aCONV$b00$c20040425$lBLL90$h0848
=CAT  \\$aCONV$b00$c20040502$lBLL01$h1329
=CAT  \\$aglobal_upd$b40$c20060417$lBLL01$h1712
=CAT  \\$aBATCH$b00$c20091209$lBLL01$h0438
=CAT  \\$aBATCH$b00$c20091214$lBLL01$h0520
=CAT  \\$a8323$b40$c20220311$lBLL01$h1338
=FIN  \\$aY
=FMT  \\$a  SE
=LAS  \\$a8323$b40$c20220311$lBLL01$h1338
=LEO  \\$aMP22.0000003131
=SRC  \\$aISN01$bbibmp22.200404.2.aa
=TCO  \\$aCLA$bCLA$c008

