=LDR  02335 as a22006253i 4500
=001  010188854
=003  Uk
=005  20180220155445.0
=007  ta
=008  770419d18701990xxkd|2n|||\\\||\\\a0eng\\
=022  0\$a0307-5648$202
=040  \\$aUk$cUk
=210  0\$aNorth. echo
=222  \0$aNorthern echo
=245  00$aNorthern echo.
=260  \\$aDarlington :$bNorth of England Newspapers
=336  \\$atext$2rdacontent
=337  \\$aunmediated$2rdamedia
=338  \\$avolume$2rdacarrier
=540  \\$aBritish Library not licensed to copy$c0$5Uk
=787  0\$tNorthern echo (CD-ROM ed.)$x0961-3064
=985  \\$aOriginal record #010188854 deleted in error. ISSN sequence does not match NPL records. DO NOT MERGE.
=CAT  \\$aCONV$b00$c20040425$lBLL90$h0849
=CAT  \\$aBATCH-UPD$b00$c20100630$lBLL01$h1952
=CAT  \\$aIPL-CLA$c20100630$lBLL01$h2018
=CAT  \\$aBATCH-CLA$b00$c20100831$lBLL01$h1535
=CAT  \\$aIPL-CLA$c20100930$lBLL01$h1506
=CAT  \\$aBATCH-CLA$b00$c20101115$lBLL01$h1549
=CAT  \\$aIPL-CLA$c20101231$lBLL01$h1333
=CAT  \\$aBATCH-CLA$b00$c20110228$lBLL01$h1545
=CAT  \\$aIPL-CLA$c20110331$lBLL01$h1444
=CAT  \\$aBATCH-CLA$b00$c20110531$lBLL01$h1642
=CAT  \\$aIPL-CLA$c20110630$lBLL01$h1525
=CAT  \\$aBATCH-CLA$b00$c20110831$lBLL01$h1800
=CAT  \\$aIPL-CLA$c20110930$lBLL01$h1526
=CAT  \\$aBATCH-CLA$b00$c20111130$lBLL01$h1154
=CAT  \\$aIPL-CLA$c20111230$lBLL01$h1833
=CAT  \\$aBATCH-CLA$b00$c20120229$lBLL01$h1600
=CAT  \\$aIPL-CLA$c20120330$lBLL01$h1412
=CAT  \\$aBATCH-CLA$b00$c20120531$lBLL01$h1718
=CAT  \\$aIPL-CLA$c20120629$lBLL01$h1010
=CAT  \\$aBATCH-CLA$b00$c20120831$lBLL01$h1544
=CAT  \\$aIPL-CLA$c20120930$lBLL01$h2036
=CAT  \\$aBATCH-CLA$b00$c20121105$lBLL01$h1748
=CAT  \\$aWR12_128$c20121113$lBLL01$h1839
=CAT  \\$aBATCH-CLA$b00$c20131129$lBLL01$h1657
=CAT  \\$aIPL-CLA$c20131231$lBLL01$h2100
=CAT  \\$a8323$b40$c20180220$lBLL01$h1554
=CFI  0\$aBritish Library not licensed to copy$c0$e01-jan-2014$hC$iCFP Excluded$5Uk
=CFI  2\$aBritish Library not licensed to copy$c0$e01-oct-2012$hC$iCFP Excluded$5Uk
=FIN  \\$aY
=FMT  \\$a  SE
=LAS  \\$a8323$b40$c20180220$lBLL01$h1554
=LEO  \\$aMP22.0000020222
=SRC  \\$aISN01$bbibmp22.200404.2.aa

