=LDR  01099 as a22003497a 4500
=001  010189418
=003  Uk
=005  20100127091348.0
=007  ta
=008  760512d17931826enkfr2p\\\\\\\0\\\a0eng\\
=022  0\$a0308-3853$202
=040  \\$aUk$cUk$dUk
=210  0\$aBr. crit.
=222  \0$aBritish critic
=245  00$aBritish critic.
=260  \\$aLondon :$bF.C. & J. Rivington
=336  \\$atext$2rdacontent
=337  \\$aunmediated$2rdamedia
=338  \\$avolume$2rdacarrier
=785  00$tBritish critic, quarterly theological review and ecclesiastical record$x2043-2429
=985  \\$aISSN RECORD ONLY. Please do not merge. Title changes do not follow collection records.
=CAT  \\$aCONV$b00$c20040425$lBLL90$h0849
=CAT  \\$aCONV$b00$c20040502$lBLL01$h1351
=CAT  \\$aglobal_upd$b40$c20060417$lBLL01$h1732
=CAT  \\$aBATCH$b00$c20091210$lBLL01$h0034
=CAT  \\$a11316$b40$c20100127$lBLL01$h0913
=FIN  \\$aY
=FMT  \\$a  SE
=LAS  \\$a11316$b40$c20100127$lBLL01$h0913
=LEO  \\$aMP22.0000021012
=SRC  \\$aISN01$bbibmp22.200404.2.aa
=TCO  \\$aCLA$bCLA$c008

