=LDR  01364 as a22004213i 4500
=001  010816571
=003  Uk
=005  20210816142432.0
=007  ta
=008  890815c19649999stk\x\m\\\\\\\0\\\a0eng\\
=022  0\$a0957-6274$202
=040  \\$aUk$cUk$dUk
=130  0\$aScottish History Society (Series)
=210  0\$aScott. Hist. Soc.
=222  \0$aScottish History Society
=245  10$aScottish History Society.
=260  \\$a[Edinburgh] :$bScottish History Society.
=336  \\$atext$2rdacontent
=337  \\$aunmediated$2rdamedia
=338  \\$avolume$2rdacarrier
=362  1\$aBegan with 4th ser., v. 1, published in 1964.
=710  2\$aScottish History Society.
=762  0\$tMiscellany of Scottish History Society$x1360-2497
=780  00$tPublications of the Scottish History Society$x0080-8067
=985  \\$aISSN MONOGRAPHIC SERIES.
=CAT  \\$aCONV$b00$c20040425$lBLL90$h0849
=CAT  \\$aCONV$b00$c20040502$lBLL01$h1412
=CAT  \\$aglobal_upd$b40$c20060417$lBLL01$h1755
=CAT  \\$aBATCH$b00$c20091210$lBLL01$h0235
=CAT  \\$a8874$b40$c20130930$lBLL01$h1413
=CAT  \\$a8483$b40$c20131004$lBLL01$h0848
=CAT  \\$a8874$b40$c20210816$lBLL01$h1424
=FIN  \\$aY
=FMT  \\$a  SE
=LAS  \\$a8874$b40$c20210816$lBLL01$h1424
=LEO  \\$aMP22.0000030903
=SRC  \\$aISN01$bbibmp22.200404.2.aa
=TCO  \\$aCLA$bCLA$c008

