=LDR  01100 as a22003733i 4500
=001  010816577
=003  Uk
=005  20151216143717.0
=007  ta
=008  890815d19881991xxkm|2p|||\\\||\\\a0eng\\
=022  0\$a0957-6363$202
=040  \\$aUk$cUk
=082  04$a782.42164
=210  0\$aHip-hop connect.$b(1988)
=222  \0$aHip-hop connection$b(1988)
=245  00$aHip-hop connection
=260  \\$aEly :$bPopular Publications.
=336  \\$atext$2rdacontent
=337  \\$aunmediated$2rdamedia
=338  \\$avolume$2rdacarrier
=785  00$tHHC (Ely)$x0967-7089
=985  \\$aISSN UK RECORD. DO NOT MERGE WITH CATALOGUE RECORD.
=CAT  \\$aCONV$b00$c20040425$lBLL90$h0849
=CAT  \\$aCONV$b00$c20040502$lBLL01$h1412
=CAT  \\$aglobal_upd$b40$c20060417$lBLL01$h1755
=CAT  \\$aBATCH$b00$c20091210$lBLL01$h0235
=CAT  \\$a8874$b40$c20151216$lBLL01$h1402
=CAT  \\$a8874$b40$c20151216$lBLL01$h1437
=FIN  \\$aY
=FMT  \\$a  SE
=LAS  \\$a8874$b40$c20151216$lBLL01$h1437
=LEO  \\$aMP22.0000030912
=SRC  \\$aISN01$bbibmp22.200404.2.aa
=TCO  \\$aCLA$bCLA$c008

