=LDR  01171 as a22003497a 4500
=001  010818101
=003  Uk
=005  20070220095655.0
=007  ta
=008  910813c19909999enkar\p\\\\\\\0\\\a0eng\\
=022  0\$a0961-3013
=040  \\$aUk$cUk
=210  0\$aMajor co. Far East Australas., 3 Aust. N.Z.
=222  \0$aMajor companies of the Far East and Australasia. Volume 3, Australia and New Zealand
=245  00$aMajor companies of the Far East and Australasia.$nVolume 3,$pAustralia and New Zealand.
=260  \\$aLondon :$bGraham & Trotman
=336  \\$atext$2rdacontent
=337  \\$aunmediated$2rdamedia
=338  \\$avolume$2rdacarrier
=985  \\$aDo not merge record, ISSN UK Centre 19.01.07
=CAT  \\$aCONV$b00$c20040425$lBLL90$h0849
=CAT  \\$aCONV$b00$c20040502$lBLL01$h1412
=CAT  \\$aglobal_upd$b40$c20060417$lBLL01$h1755
=CAT  \\$a6537$b40$c20070119$lBLL01$h1058
=CAT  \\$aISSN$b40$c20070220$lBLL01$h0956
=CAT  \\$aBATCH$b00$c20091210$lBLL01$h0236
=FIN  \\$aY
=FMT  \\$a  SE
=LAS  \\$aBATCH$b00$c20091210$lBLL01$h0236
=LEO  \\$aMP22.0000033924
=SRC  \\$aISN01$bbibmp22.200404.2.aa
=TCO  \\$aCLA$bCLA$c008

