=LDR  01246 as a22003737a 4500
=001  010818116
=003  Uk
=005  20070220095904.0
=007  ta
=008  901120c19909999enkar\p\\\\\\\0\\\a0eng\\
=022  0\$a0961-3234
=040  \\$aUk$cUk
=082  04$a338.7402551
=210  0\$aMajor co. Far East Australas., 2 East Asia
=222  \0$aMajor companies of the Far East and Australasia. Volume 2, East Asia
=245  00$aMajor companies of the Far East and Australasia.$nVolume 2,$pEast Asia.
=260  \\$aLondon :$bGraham & Trotman
=336  \\$atext$2rdacontent
=337  \\$aunmediated$2rdamedia
=338  \\$avolume$2rdacarrier
=780  00$tMajor companies of the Far East. Volume 2, East Asia$x0267-226X
=985  \\$aDo not merge record, ISSN UK Centre 19.01.07
=CAT  \\$aCONV$b00$c20040425$lBLL90$h0849
=CAT  \\$aCONV$b00$c20040502$lBLL01$h1412
=CAT  \\$aglobal_upd$b40$c20060417$lBLL01$h1755
=CAT  \\$a6537$b40$c20070119$lBLL01$h1056
=CAT  \\$aISSN$b40$c20070220$lBLL01$h0959
=CAT  \\$aBATCH$b00$c20091210$lBLL01$h0236
=FIN  \\$aY
=FMT  \\$a  SE
=LAS  \\$aBATCH$b00$c20091210$lBLL01$h0236
=LEO  \\$aMP22.0000033943
=SRC  \\$aISN01$bbibmp22.200404.2.aa
=TCO  \\$aCLA$bCLA$c008

