=LDR  04082aas a22009137a 4500
=001  010818258
=003  Uk
=005  20090916092644.0
=007  ta
=008  910220d19852009enkwr2n\\\\\\\0\\\a0eng\\
=022  1\$a0961-6748$202
=040  \\$aUk$beng$cUk$dUk
=082  04$a072.2725$222
=222  \0$aAldershot mail
=245  00$aAldershot mail.
=260  \\$aAldershot :$bAldershot News,$c[1985]-2009.
=310  \\$aWeekly, on Tuesdays
=336  \\$atext$2rdacontent
=337  \\$aunmediated$2rdamedia
=338  \\$avolume$2rdacarrier
=362  1\$aBegan in 1985.
=362  0\$a-7 Apr. 2009.
=540  \\$aBritish Library not licensed to copy$c0$5Uk
=580  \\$aMerged with: Aldershot news, to become: Aldershot news & mail.
=651  \0$aAldershot (England)$vNewspapers.
=651  \0$aHampshire (England)$vNewspapers.
=752  \\$aEngland$bHampshire$dAldershot.$2blnpn
=785  17$tAldershot news$x0961-6721
=785  17$tAldershot news & mail$x2041-9694
=985  \\$aISSN RECORD ONLY. ALL NPL ISSUES FOR ALDERSHOT MAIL ARE HELD WITH ALDERSHOT NEWS.
=ACF  \\$aBritish Library not licensed to copy$c0$e01-apr-2012$hC$iCLA Excluded$5Uk
=ACF  \\$aBritish Library not licensed to copy$c0$e01-jan-2012$hC$iCLA Excluded$5Uk
=ACF  \\$aBritish Library not licensed to copy$c0$e01-oct-2011$hC$iCLA Excluded$5Uk
=ACF  \\$aBritish Library not licensed to copy$c0$e01-jul-2011$hC$iCLA Excluded$5Uk
=ACF  \\$aBritish Library not licensed to copy$c0$e01-apr-2011$hC$iCLA Excluded$5Uk
=ACF  \\$aBritish Library not licensed to copy$c0$e01-jan-2011$hC$iCLA Excluded$5Uk
=ACF  \\$aBritish Library not licensed to copy$c0$e01-oct-2010$hC$iCLA Excluded$5Uk
=ACF  \\$aBritish Library not licensed to copy$c0$e01-jul-2010$hC$iCLA Excluded$5Uk
=ACF  \\$aBritish Library not licensed to copy$c0$e01-apr-2010$hC$iCLA Excluded$5Uk
=ACF  \\$aBritish Library not licensed to copy$c0$e01-Jan-2010$hC$iCLA Excluded$5Uk
=ACF  \\$aBritish Library not licensed to copy$c0$e01-oct-2009$hC$iCLA Excluded$5Uk
=ACF  \\$aBritish Library not licensed to copy$c0$e01-jul-2009$hC$iCLA Excluded$5Uk
=ACF  \\$aBritish Library not licensed to copy$c0$e01-apr-2009$hC$iCLA Excluded$5Uk
=ACF  \\$aBritish Library not licensed to copy$c0$e01-oct-2004$hC$iCLA Excluded$5Uk
=ACF  \\$aBritish Library not licensed to copy$c0$e01-jul-2012$hC$iCLA Excluded$5Uk
=CAT  \\$aCONV$b00$c20040425$lBLL90$h0849
=CAT  \\$aBATCH-UPD$b00$c20100630$lBLL01$h1921
=CAT  \\$aBATCH-UPD$b00$c20100630$lBLL01$h1954
=CAT  \\$aIPL-CLA$c20100630$lBLL01$h2021
=CAT  \\$aBATCH-CLA$b00$c20100831$lBLL01$h1535
=CAT  \\$aIPL-CLA$c20100930$lBLL01$h1510
=CAT  \\$aBATCH-CLA$b00$c20101115$lBLL01$h1549
=CAT  \\$aIPL-CLA$c20101231$lBLL01$h1359
=CAT  \\$aBATCH-CLA$b00$c20110228$lBLL01$h1546
=CAT  \\$aIPL-CLA$c20110331$lBLL01$h1449
=CAT  \\$aBATCH-CLA$b00$c20110531$lBLL01$h1643
=CAT  \\$aIPL-CLA$c20110630$lBLL01$h1529
=CAT  \\$aBATCH-CLA$b00$c20110831$lBLL01$h1759
=CAT  \\$aIPL-CLA$c20110930$lBLL01$h1531
=CAT  \\$aBATCH-CLA$b00$c20111130$lBLL01$h1153
=CAT  \\$aIPL-CLA$c20111230$lBLL01$h1858
=CAT  \\$aBATCH-CLA$b00$c20120229$lBLL01$h1600
=CAT  \\$aIPL-CLA$c20120330$lBLL01$h1417
=CAT  \\$aBATCH-CLA$b00$c20120531$lBLL01$h1719
=CAT  \\$aIPL-CLA$c20120629$lBLL01$h1015
=CAT  \\$aBATCH-CLA$b00$c20120831$lBLL01$h1544
=CAT  \\$aIPL-CLA$c20120930$lBLL01$h2047
=CAT  \\$aBATCH-CLA$b00$c20121107$lBLL01$h1916
=CAT  \\$aWR12_128$c20121113$lBLL01$h1832
=CAT  \\$aBATCH-CLA$b00$c20131129$lBLL01$h1657
=CAT  \\$aIPL-CLA$c20131231$lBLL01$h2142
=CFI  0\$aBritish Library not licensed to copy$c0$e01-jan-2014$hC$iCFP Excluded$5Uk
=CFI  2\$aBritish Library not licensed to copy$c0$e01-oct-2012$hC$iCFP Excluded$5Uk
=FIN  \\$aY
=FMT  \\$a  SE
=LAS  \\$aIPL-CLA$b00$c20131231$lBLL01$h2142
=LEO  \\$aMP22.0000034230
=SRC  \\$aISN01$bbibmp22.200404.2.aa
=TCO  \\$aCLA$bCLA$c008

