=LDR  03551aas a2200817 a 4500
=001  010820949
=003  Uk
=005  20120612145731.0
=007  ta
=008  930122d19921995enkwr\n\\\\\\\0\\\a0eng\\
=022  1\$a0968-6770$202
=040  \\$aUk$beng$cUk$dUk
=042  \\$aukblsr
=082  04$a072.188$222
=222  \0$aHornsey, Muswell Hill & Crouch End journal
=245  00$aHornsey, Muswell Hill & Crouch End journal.
=246  3\$aHornsey, Muswell Hill and Crouch End journal
=260  \\$aLondon :$bCapital Newspapers,$c1992-1995.
=310  \\$aWeekly
=336  \\$atext$2rdacontent
=337  \\$aunmediated$2rdamedia
=338  \\$avolume$2rdacarrier
=540  \\$aBritish Library not licensed to copy$c0$5Uk
=752  \\$aEngland$dLondon$fHaringey.$2blnpn
=780  00$tHornsey & Muswell Hill journal
=785  00$tHornsey & Crouch End journal$x1364-5951
=866  \0$aNewspaper Library: 14 May 1992-17 Aug. 1995 ; Print issues are not available for conservation reasons where an alternative format exists. See separate record for microfilm holdings
=985  \\$aExisting ISSN record upgraded to form NPL print record, 21/03/11 (RB).
=ACF  \\$aBritish Library not licensed to copy$c0$e01-apr-2012$hC$iCLA Excluded$5Uk
=ACF  \\$aBritish Library not licensed to copy$c0$e01-jan-2012$hC$iCLA Excluded$5Uk
=ACF  \\$aBritish Library not licensed to copy$c0$e01-oct-2011$hC$iCLA Excluded$5Uk
=ACF  \\$aBritish Library not licensed to copy$c0$e01-jul-2011$hC$iCLA Excluded$5Uk
=ACF  \\$aBritish Library not licensed to copy$c0$e01-apr-2011$hC$iCLA Excluded$5Uk
=ACF  \\$aBritish Library not licensed to copy$c0$e01-jan-2011$hC$iCLA Excluded$5Uk
=ACF  \\$aBritish Library not licensed to copy$c0$e01-apr-2005$hC$iCLA Excluded$5Uk
=ACF  \\$aBritish Library not licensed to copy$c0$e01-jul-2012$hC$iCLA Excluded$5Uk
=CAT  \\$aCONV$b00$c20040425$lBLL90$h0849
=CAT  \\$aBATCH-CLA$b00$c20100831$lBLL01$h1534
=CAT  \\$aIPL-CLA$c20100930$lBLL01$h1511
=CAT  \\$aBATCH-CLA$b00$c20101115$lBLL01$h1549
=CAT  \\$aIPL-CLA$c20101231$lBLL01$h1400
=CAT  \\$aBATCH-CLA$b00$c20110228$lBLL01$h1546
=CAT  \\$a8323$b40$c20110321$lBLL01$h1128
=CAT  \\$a8323$b40$c20110321$lBLL01$h1142
=CAT  \\$aIPL-CLA$c20110331$lBLL01$h1449
=CAT  \\$aBATCH-CLA$b00$c20110531$lBLL01$h1652
=CAT  \\$aIPL-CLA$c20110630$lBLL01$h1530
=CAT  \\$aBATCH-CLA$b00$c20110831$lBLL01$h1816
=CAT  \\$aIPL-CLA$c20110930$lBLL01$h1532
=CAT  \\$aBATCH-CLA$b00$c20111130$lBLL01$h1215
=CAT  \\$aIPL-CLA$c20111230$lBLL01$h1859
=CAT  \\$aBATCH-CLA$b00$c20120229$lBLL01$h1628
=CAT  \\$aIPL-CLA$c20120330$lBLL01$h1418
=CAT  \\$aBATCH-CLA$b00$c20120531$lBLL01$h1725
=CAT  \\$a8201$b40$c20120612$lBLL01$h1457
=CAT  \\$aIPL-CLA$c20120629$lBLL01$h1016
=CAT  \\$aBATCH-CLA$b00$c20120831$lBLL01$h1542
=CAT  \\$aIPL-CLA$c20120930$lBLL01$h2048
=CAT  \\$aBATCH-CLA$b00$c20121107$lBLL01$h1916
=CAT  \\$aWR12_128$c20121113$lBLL01$h1833
=CAT  \\$aBATCH-CLA$b00$c20131129$lBLL01$h1658
=CAT  \\$aIPL-CLA$c20131231$lBLL01$h2143
=CFI  0\$aBritish Library not licensed to copy$c0$e01-jan-2014$hC$iCFP Excluded$5Uk
=CFI  2\$aBritish Library not licensed to copy$c0$e01-oct-2012$hC$iCFP Excluded$5Uk
=FIN  \\$aY
=FMT  \\$a  SE
=LAS  \\$aIPL-CLA$b00$c20131231$lBLL01$h2143
=LEO  \\$aMP22.0000039618
=NID  \\$aNID0024978
=SRC  \\$aISN01$bbibmp22.200404.2.aa
=TCO  \\$aCLA$bCLA$c008

