=LDR  05113cas a22009858i 4500
=001  010820988
=003  Uk
=005  20221231195632.0
=007  ta
=008  020806d199u1993enkwr2n\\\\\\\0\\\a0eng\\
=022  0\$a0968-8293$202
=040  \\$aUk$beng$cUk
=222  \0$aGazette$b(Thornbury, Almonsbury, Tockington, Filton, Patchway, Bradley Stoke, Alveston ed.)
=245  00$aGazette.
=260  \\$aYate :$bGazette Series of Newspapers
=263  \\$a9311
=310  \\$aWeekly
=336  \\$atext$2rdacontent
=337  \\$aunmediated$2rdamedia
=338  \\$avolume$2rdacarrier
=540  \\$aCurrent Copyright Fee: GBP25.00$c0$5Uk
=780  00$tGazette$c(Thornbury)$x0962-5828
=785  01$tThornbury gazette$x1352-6502
=985  \\$aISSN UK Centre. ISSN was completed incorrectly in 2002 with Key title: Thornbury gazette. No issues available to enable the record to be completed or suppressed. Filton and Patchway splitting from this edition. Original prepublication title re-instated 20/3/08
=ACF  \\$aBritish Library not licensed to copy$c0$e01-jul-2010$hC$iCLA Excluded$5Uk
=ACF  \\$aBritish Library not licensed to copy$c0$e01-apr-2010$hC$iCLA Excluded$5Uk
=ACF  \\$aBritish Library not licensed to copy$c0$e01-Jan-2010$hC$iCLA Excluded$5Uk
=ACF  \\$aBritish Library not licensed to copy$c0$e01-oct-2009$hC$iCLA Excluded$5Uk
=ACF  \\$aBritish Library not licensed to copy$c0$e01-jul-2009$hC$iCLA Excluded$5Uk
=ACF  \\$aBritish Library not licensed to copy$c0$e01-apr-2009$hC$iCLA Excluded$5Uk
=ACF  \\$aBritish Library not licensed to copy$c0$e01-jan-2009$hC$iCLA Excluded$5Uk
=ACF  \\$aBritish Library not licensed to copy$c0$e01-oct-2008$hC$iCLA Excluded$5Uk
=ACF  \\$aBritish Library not licensed to copy$c0$e01-jul-2008$hC$iCLA Excluded$5Uk
=ACF  \\$aBritish Library not licensed to copy$c0$e01-apr-2008$hC$iCLA Excluded$5Uk
=ACF  \\$aBritish Library not licensed to copy$c0$e01-jan-2008$hC$iCLA Excluded$5Uk
=ACF  \\$aBritish Library not licensed to copy$c0$e01-oct-2007$hC$iCLA Excluded$5Uk
=ACF  \\$aBritish Library not licensed to copy$c0$e01-jul-2007$hC$iCLA Excluded$5Uk
=ACF  \\$aBritish Library not licensed to copy$c0$e01-apr-2007$hC$iCLA Excluded$5Uk
=ACF  \\$aBritish Library not licensed to copy$c0$e01-jan-2007$hC$iCLA Excluded$5Uk
=ACF  \\$aBritish Library not licensed to copy$c0$e01-oct-2006$hC$iCLA Excluded$5Uk
=ACF  \\$aBritish Library not licensed to copy$c0$e01-jul-2006$hC$iCLA Excluded$5Uk
=ACF  \\$aBritish Library not licensed to copy$c0$e01-apr-2006$hC$iCLA Excluded$5Uk
=ACF  \\$aBritish Library not licensed to copy$c0$e01-jan-2006$hC$iCLA Excluded$5Uk
=ACF  \\$aBritish Library not licensed to copy$c0$e01-oct-2005$hC$iCLA Excluded$5Uk
=ACF  \\$aBritish Library not licensed to copy$c0$e01-jul-2005$hC$iCLA Excluded$5Uk
=ACF  \\$aBritish Library not licensed to copy$c0$e01-apr-2005$hC$iCLA Excluded$5Uk
=ACF  \\$aPrevious copyright fee: GBP10.50$c0$e01-jan-2011$fGBP10.50$g0$hA$5Uk
=ACF  \\$aPrevious copyright fee: GBP12.00$c0$e01-jan-2012$fGBP12.00$g0$hA$5Uk
=ACF  \\$aPrevious Copyright Fee: GBP12.30$c0$e01-jan-2014$fGBP12.30$g0$hA$5Uk
=ACF  \\$aPrevious Copyright Fee: GBP15.00$c0$e01-jan-2017$fGBP15.00$g0$hA$5Uk
=ACF  \\$aPrevious Copyright Fee: GBP17.50$c0$e01-jan-2018$fGBP17.50$g0$hA$5Uk
=ACF  \\$aPrevious Copyright Fee: GBP20.00$c0$e01-jan-2020$fGBP20.00$g0$hA$5Uk
=CAT  \\$aCONV$b00$c20040425$lBLL90$h0849
=CAT  \\$aBATCH-UPD$b00$c20100401$lBLL01$h0200
=CAT  \\$aBATCH$b00$c20100401$lBLL01$h0501
=CAT  \\$aBATCH$b00$c20100401$lBLL01$h1525
=CAT  \\$aBATCH-CLA$b00$c20100602$lBLL01$h1414
=CAT  \\$aBATCH-UPD$b00$c20100630$lBLL01$h1922
=CAT  \\$aBATCH-UPD$b00$c20100630$lBLL01$h1955
=CAT  \\$aIPL-CLA$c20100630$lBLL01$h2021
=CAT  \\$aBATCH-UPD$b00$c20101201$lBLL01$h1235
=CAT  \\$aIPL-CLA$c20101231$lBLL01$h1400
=CAT  \\$aWR11_203$c20111204$lBLL01$h1419
=CAT  \\$aIPL-CLA$c20111230$lBLL01$h1859
=CAT  \\$aBATCH-CLA$b00$c20121107$lBLL01$h1916
=CAT  \\$aBATCH-CLA$c20131219$lBLL01$h1824
=CAT  \\$aIPL-CLA$c20131231$lBLL01$h2143
=CAT  \\$aBATCH-CLA$b00$c20161222$lBLL01$h1738
=CAT  \\$aIPL-CLA$c20161230$lBLL01$h1954
=CAT  \\$aBATCH-CLA$b00$c20171222$lBLL01$h2043
=CAT  \\$aIPL-CLA$c20171231$lBLL01$h1525
=CAT  \\$aBATCH-CLA$b00$c20191219$lBLL01$h1704
=CAT  \\$aIPL-CLA$c20191231$lBLL01$h1836
=CAT  \\$aR2001-1524$c20200127$lBLL01$h1947
=CAT  \\$aBATCH-CLA$b00$c20201204$lBLL01$h1502
=CAT  \\$aIPL-CLA$c20201231$lBLL01$h2048
=CAT  \\$aBATCH-CLA$b00$c20221221$lBLL01$h1808
=CAT  \\$aIPL-CLA$c20221231$lBLL01$h1956
=CFI  0\$aCurrent Copyright Fee: GBP25.00$c0$e01-jan-2023$fGBP25.00$g0$hA$5Uk
=CFI  2\$aPrevious Copyright Fee: GBP22.50$c0$e01-jan-2021$fGBP22.50$g0$hA$5Uk
=FMT  \\$a  SE
=LAS  \\$aIPL-CLA$b00$c20221231$lBLL01$h1956
=LEO  \\$aMP22.0000039729
=SRC  \\$aISN01$bbibmp22.200404.2.aa
=TCO  \\$aCLA$bCLA$c008

