=LDR  05419cas a22010817i 4500
=001  010821435
=003  Uk
=005  20230210005504.0
=007  ta
=008  930914c19939999xxkar\\\\\\\\\0\\\a0eng\\
=022  0\$a1350-2603$202
=040  \\$aUk$cUk
=210  0\$aScott. Law dir., Fees suppl.
=222  \0$aScottish law directory. Fees supplement
=245  00$aScottish law directory. Fees supplement
=260  \\$aEdinburgh :$bT & T Clark.
=336  \\$atext$2rdacontent
=337  \\$aunmediated$2rdamedia
=338  \\$avolume$2rdacarrier
=540  \\$aCurrent Copyright Fee: GBP25.00$c0$5Uk
=772  0\$tScottish Law directory$x0080-8083
=985  \\$aCorrected by BSS-generated file
=985  \\$aISSN ONLY RECORD. This title recorded as supplement on bib 009544502- "Scottish law directory".
=ACF  \\$aPrevious Copyright Fee: GBP30.00$c0$e01-apr-2012$fGBP30.00$g0$hC$5Uk
=ACF  \\$aPrevious Copyright Fee: GBP30.00$c0$e01-jan-2012$fGBP30.00$g0$hC$5Uk
=ACF  \\$aPrevious Copyright Fee: GBP30.00$c0$e01-oct-2011$fGBP30.00$g0$hC$5Uk
=ACF  \\$aPrevious Copyright Fee: GBP30.00$c0$e01-jul-2011$fGBP30.00$g0$hC$5Uk
=ACF  \\$aPrevious Copyright Fee: GBP30.00$c0$e01-apr-2011$fGBP30.00$g0$hC$5Uk
=ACF  \\$aPrevious Copyright Fee: GBP30.00$c0$e01-jan-2011$fGBP30.00$g0$hC$5Uk
=ACF  \\$aPrevious Copyright Fee: GBP30.00$c0$e01-oct-2010$fGBP30.00$g0$hC$5Uk
=ACF  \\$aPrevious Copyright Fee: GBP30.00$c0$e01-jul-2010$fGBP30.00$g0$hC$5Uk
=ACF  \\$aPrevious Copyright Fee: GBP9.00$c0$e01-apr-2010$fGBP9.00$g0$hC$5Uk
=ACF  \\$aPrevious Copyright Fee: GBP9.00$c0$e01-Jan-2010$fGBP9.00$g0$hC$5Uk
=ACF  \\$aPrevious Copyright Fee: GBP6.00$c0$e01-oct-2009$fGBP6.00$g0$hC$5Uk
=ACF  \\$aPrevious Copyright Fee: GBP6.00$c0$e01-jul-2009$fGBP6.00$g0$hC$5Uk
=ACF  \\$aPrevious Copyright Fee: GBP6.00$c0$e01-apr-2009$fGBP6.00$g0$hC$5Uk
=ACF  \\$aPrevious Copyright Fee: GBP6.00$c0$e01-jan-2009$fGBP6.00$g0$hC$5Uk
=ACF  \\$aPrevious Copyright Fee: GBP6.00$c0$e01-oct-2008$fGBP6.00$g0$hC$5Uk
=ACF  \\$aPrevious Copyright Fee: GBP6.00$c0$e01-jul-2008$fGBP6.00$g0$hC$5Uk
=ACF  \\$aPrevious Copyright Fee: GBP6.00$c0$e01-apr-2008$fGBP6.00$g0$hC$5Uk
=ACF  \\$aPrevious Copyright Fee: GBP6.00$c0$e01-jan-2008$fGBP6.00$g0$hC$5Uk
=ACF  \\$aPrevious Copyright Fee: GBP5.00$c0$e01-oct-2007$fGBP5.00$g0$hC$5Uk
=ACF  \\$aPrevious Copyright Fee: GBP5.00$c0$e01-jul-2007$fGBP5.00$g0$hC$5Uk
=ACF  \\$aPrevious Copyright Fee: GBP5.00$c0$e01-apr-2007$fGBP5.00$g0$hC$5Uk
=ACF  \\$aPrevious Copyright Fee: GBP5.00$c0$e01-jan-2007$fGBP5.00$g0$hC$5Uk
=ACF  \\$aPrevious Copyright Fee: GBP5.00$c0$e01-oct-2006$fGBP5.00$g0$hC$5Uk
=ACF  \\$aPrevious Copyright Fee: GBP5.00$c0$e01-jul-2006$fGBP5.00$g0$hC$5Uk
=ACF  \\$aPrevious Copyright Fee: GBP5.00$c0$e01-apr-2006$fGBP5.00$g0$hC$5Uk
=ACF  \\$aPrevious Copyright Fee: GBP5.00$c0$e01-jan-2006$fGBP5.00$g0$hC$5Uk
=ACF  \\$aPrevious Copyright Fee: GBP5.00$c0$e01-oct-2005$fGBP5.00$g0$hC$5Uk
=ACF  \\$aBritish Library not licensed to copy$c0$e01-jul-2005$hC$iCLA Excluded$5Uk
=ACF  \\$aBritish Library not licensed to copy$c0$e01-apr-2005$hC$iCLA Excluded$5Uk
=ACF  \\$aBritish Library not licensed to copy$c0$e01-jan-2005$hC$iCLA Excluded$5Uk
=ACF  \\$aBritish Library not licensed to copy$c0$e01-oct-2004$hC$iCLA Excluded$5Uk
=ACF  \\$aPrevious Copyright Fee: GBP30.00$c0$e01-jul-2012$fGBP30.00$g0$hC$5Uk
=ACF  \\$aPrevious Copyright Fee: GBP30.00$c0$e01-oct-2012$fGBP30.00$g0$hC$5Uk
=ACF  \\$aPrevious Copyright Fee: GBP22.50$c0$e01-oct-2022$fGBP22.50$g0$hC$5Uk
=CAT  \\$aCONV$b00$c20040425$lBLL90$h0849
=CAT  \\$aIPL-CLA$c20100630$lBLL01$h2021
=CAT  \\$aBATCH-CLA$b00$c20100831$lBLL01$h1524
=CAT  \\$aIPL-CLA$c20100930$lBLL01$h1511
=CAT  \\$aBATCH-CLA$b00$c20101115$lBLL01$h1601
=CAT  \\$aIPL-CLA$c20101231$lBLL01$h1400
=CAT  \\$aBATCH-CLA$b00$c20110228$lBLL01$h1543
=CAT  \\$aIPL-CLA$c20110331$lBLL01$h1450
=CAT  \\$aBATCH-CLA$b00$c20110531$lBLL01$h1629
=CAT  \\$aIPL-CLA$c20110630$lBLL01$h1530
=CAT  \\$aBATCH-CLA$b00$c20110831$lBLL01$h1745
=CAT  \\$aIPL-CLA$c20110930$lBLL01$h1532
=CAT  \\$aBATCH-CLA$b00$c20111130$lBLL01$h1158
=CAT  \\$aIPL-CLA$c20111230$lBLL01$h1900
=CAT  \\$aBATCH-CLA$b00$c20120229$lBLL01$h1614
=CAT  \\$aIPL-CLA$c20120330$lBLL01$h1418
=CAT  \\$aBATCH-CLA$b00$c20120531$lBLL01$h1715
=CAT  \\$aIPL-CLA$c20120629$lBLL01$h1016
=CAT  \\$aBATCH-CLA$b00$c20120831$lBLL01$h1532
=CAT  \\$aIPL-CLA$c20120930$lBLL01$h2048
=CAT  \\$aBATCH-CLA$b00$c20121107$lBLL01$h1916
=CAT  \\$a8483$b40$c20140919$lBLL01$h1426
=CAT  \\$aBATCH-CLA$b00$c20220903$lBLL01$h0719
=CAT  \\$aIPL-CLA$c20220930$lBLL01$h1551
=CAT  \\$aBATCH-CLA$b00$c20221130$lBLL01$h1444
=CAT  \\$aIPL-CLA$c20221231$lBLL01$h1956
=CAT  \\$aBATCH-CLA$b00$c20230209$lBLL01$h1531
=CAT  \\$aIPL-CLA$c20230210$lBLL01$h0055
=CFI  0\$aCurrent Copyright Fee: GBP25.00$c0$e09-feb-2023$fGBP25.00$g0$hC$5Uk
=CFI  2\$aBritish Library not licensed to copy$c0$e01-jan-2023$hC$iCFP Excluded$5Uk
=FIN  \\$aY
=FMT  \\$a  SE
=LAS  \\$aIPL-CLA$b00$c20230210$lBLL01$h0055
=LEO  \\$aMP22.0000040853
=SRC  \\$aISN01$bbibmp22.200404.2.aa
=TCO  \\$aCLA$bCLA$c008

