=LDR  01580 as a22004577i 4500
=001  011451699
=003  Uk
=005  20170321105103.0
=007  ta
=008  951011c198u9999xxkuu\\\\\\\\\0\\\a0eng\\
=022  0\$a1360-3949$202
=040  \\$aUk$cUk
=210  0\$aHoverfly newsl.
=222  \0$aHoverfly newsletter
=245  00$aHoverfly newsletter
=260  \\$a[S.l.] :$bHoverfly Recording Scheme.
=336  \\$atext$2rdacontent
=337  \\$aunmediated$2rdamedia
=338  \\$avolume$2rdacarrier
=580  \\$aFrom 1995 published as an inset in: Bulletin of the Dipterists Forum.
=710  2\$aHoverfly Recording Scheme.
=730  0\$aBulletin of the Dipterists Forum$x1358-5029
=772  0\$tBulletin of the Dipterists Forum,$g-1995$x1358-5029
=777  1\$tBulletin of the Dipterists Forum,$g1995-$x1358-5029
=985  \\$aCorrected by BSS-generated file
=985  \\$aISSN Only record as appears as Inset in Bulletin of the Dipterists Forum.
=CAT  \\$aCONV$b00$c20040425$lBLL90$h0849
=CAT  \\$aCONV$b00$c20040502$lBLL01$h1434
=CAT  \\$aglobal_upd$b40$c20060417$lBLL01$h1816
=CAT  \\$aB-BSS-DEL$b00$c20080507$lBLL01$h1608
=CAT  \\$aB-BSS-ADD$b00$c20080507$lBLL01$h1609
=CAT  \\$aBATCH$b00$c20091210$lBLL01$h0501
=CAT  \\$aBATCH$b00$c20091214$lBLL01$h0704
=CAT  \\$a8483$b40$c20170317$lBLL01$h1507
=CAT  \\$a8483$b40$c20170321$lBLL01$h1051
=FIN  \\$aY
=FMT  \\$a  SE
=LAS  \\$a8483$b40$c20170321$lBLL01$h1051
=LEO  \\$aMP22.0000048133
=SRC  \\$aISN01$bbibmp22.200404.2.aa
=TCO  \\$aCLA$bCLA$c008

