=LDR  01203 as a22003733i 4500
=001  011453346
=003  Uk
=005  20140408142613.0
=007  cr||||
=008  960910c19959999xxkw|2p|s|\\\||\\\a0eng\\
=022  0\$a1364-8500$202
=040  \\$aUk$cUk
=210  0\$aNew sci: planet sci.
=222  \0$aNew scientist: planet science
=245  00$aNew scientist: planet science
=246  03$aPlanet science
=260  \\$aLondon :$bNew Scientist.
=336  \\$atext$2rdacontent
=337  \\$acomputer$2rdamedia
=338  \\$aonline resource$2rdacarrier
=985  \\$aISSN UK note: 776 link to main journal (ISSN 0262-4079) removed pending further investigation (see Richard, 08/04/14)
=CAT  \\$aCONV$b00$c20040425$lBLL90$h0849
=CAT  \\$aCONV$b00$c20040502$lBLL01$h1434
=CAT  \\$aglobal_upd$b40$c20060417$lBLL01$h1817
=CAT  \\$aBATCH$b00$c20091210$lBLL01$h0501
=CAT  \\$aBATCH$b00$c20091214$lBLL01$h0704
=CAT  \\$a10806$b40$c20140408$lBLL01$h1424
=CAT  \\$a10806$b40$c20140408$lBLL01$h1426
=FIN  \\$aY
=FMT  \\$a  SE
=LAS  \\$a10806$b40$c20140408$lBLL01$h1426
=LEO  \\$aMP22.0000051610
=SRC  \\$aISN01$bbibmp22.200404.2.aa
=TCO  \\$aCLA$bCLA$c008

