=LDR  03722cas a22008537a 4500
=001  011455487
=003  Uk
=005  20221231201515.0
=007  ta
=008  980706c19979999enkqr2m\\\\\\\0\\\a0eng\\
=022  0\$a1460-0781$202
=040  \\$aUk$cUk$dUk
=210  0\$aWorld pharm. mark.$b(Print)
=222  \0$aWorld pharmaceutical markets$b(Print)
=245  00$aWorld pharmaceutical markets.
=246  3\$aWpm
=246  1\$iMinor title change:$aWorld pharmaceutical market
=246  13$aWorld pharmaceutical market report
=260  \\$aChichester :$bEspicom Business Intelligence.
=310  \\$aQuarterly
=321  \\$aMonthly
=336  \\$atext$2rdacontent
=337  \\$aunmediated$2rdamedia
=338  \\$avolume$2rdacarrier
=540  \\$aCurrent Copyright Fee: GBP25.00$c0$5Uk
=710  2\$aEspicom Business Intelligence.
=776  0\$tWorld pharmaceutical markets (Online)$x1473-1525
=985  \\$aISSN RECORD ONLY. PLEASE DO NOT MERGE. DO NOT ADD ITEMS.
=985  \\$aISSN Centre local note: BL receives this series with cover titles: Pharmaceutical market intelligence reports from 2009 and has separate records.
=ACF  \\$aPrevious Copyright Fee: GBP37.14$c0$e01-jul-2009$fGBP37.14$g0$hC$5Uk
=ACF  \\$aPrevious Copyright Fee: GBP37.14$c0$e01-apr-2009$fGBP37.14$g0$hC$5Uk
=ACF  \\$aPrevious Copyright Fee: GBP32.50$c0$e01-jan-2009$fGBP32.50$g0$hC$5Uk
=ACF  \\$aPrevious Copyright Fee: GBP26.00$c0$e01-oct-2008$fGBP26.00$g0$hC$5Uk
=ACF  \\$aPrevious copyright fee: GBP10.50$c0$e01-jan-2011$fGBP10.50$g0$hA$5Uk
=ACF  \\$aPrevious copyright fee: GBP12.00$c0$e01-jan-2012$fGBP12.00$g0$hA$5Uk
=ACF  \\$aPrevious Copyright Fee: GBP12.30$c0$e01-jan-2014$fGBP12.30$g0$hA$5Uk
=ACF  \\$aPrevious Copyright Fee: GBP15.00$c0$e01-jan-2017$fGBP15.00$g0$hA$5Uk
=ACF  \\$aPrevious Copyright Fee: GBP17.50$c0$e01-jan-2018$fGBP17.50$g0$hA$5Uk
=ACF  \\$aPrevious Copyright Fee: GBP20.00$c0$e01-jan-2020$fGBP20.00$g0$hA$5Uk
=CAT  \\$aCONV$b00$c20040425$lBLL90$h0849
=CAT  \\$aBATCH-CLA$b00$c20090529$lBLL01$h1731
=CAT  \\$aBATCH-UPD$b00$c20090701$lBLL01$h2004
=CAT  \\$aBATCH-UPD$b00$c20090701$lBLL01$h2037
=CAT  \\$aBATCH$b00$c20090701$lBLL01$h2058
=CAT  \\$aBATCH$b00$c20091210$lBLL01$h0502
=CAT  \\$aBATCH$b00$c20091214$lBLL01$h0705
=CAT  \\$aBATCH-UPD$b00$c20101201$lBLL01$h1239
=CAT  \\$aIPL-CLA$c20101231$lBLL01$h1425
=CAT  \\$a11316$b40$c20110301$lBLL01$h1000
=CAT  \\$aWR11_203$c20111204$lBLL01$h1436
=CAT  \\$aIPL-CLA$c20111230$lBLL01$h1929
=CAT  \\$aBATCH-CLA$b00$c20121108$lBLL01$h1736
=CAT  \\$aBATCH-CLA$c20131219$lBLL01$h1850
=CAT  \\$aIPL-CLA$c20131231$lBLL01$h2219
=CAT  \\$aBATCH-CLA$b00$c20161222$lBLL01$h1746
=CAT  \\$aIPL-CLA$c20161230$lBLL01$h2020
=CAT  \\$aBATCH-CLA$b00$c20171222$lBLL01$h2057
=CAT  \\$aIPL-CLA$c20171231$lBLL01$h1545
=CAT  \\$aBATCH-CLA$b00$c20191219$lBLL01$h1713
=CAT  \\$aIPL-CLA$c20191231$lBLL01$h1852
=CAT  \\$aR2001-1524$c20200127$lBLL01$h1952
=CAT  \\$aBATCH-CLA$b00$c20201204$lBLL01$h1512
=CAT  \\$aIPL-CLA$c20201231$lBLL01$h2109
=CAT  \\$aBATCH-CLA$b00$c20221221$lBLL01$h1818
=CAT  \\$aIPL-CLA$c20221231$lBLL01$h2015
=CFI  0\$aCurrent Copyright Fee: GBP25.00$c0$e01-jan-2023$fGBP25.00$g0$hA$5Uk
=CFI  2\$aPrevious Copyright Fee: GBP22.50$c0$e01-jan-2021$fGBP22.50$g0$hA$5Uk
=FIN  \\$aY
=FMT  \\$a  SE
=LAS  \\$aIPL-CLA$b00$c20221231$lBLL01$h2015
=LEO  \\$aMP22.0000056079
=LKR  \\$aPAR$b011459650$r776$mWorld pharmaceutical markets$nWorld pharmaceutical markets
=SRC  \\$aISN01$bbibmp22.200404.2.aa
=TCO  \\$aCLA$bCLA$c008

