=LDR  01132 as a22003613i 4500
=001  011457471
=003  Uk
=005  20120816143055.0
=007  ta
=008  991101d19991999enkuu\p\\\\\\\0\\\a0eng\\
=022  1\$a1466-3538$202
=040  \\$aUk$cUk
=222  \0$aMichael Lynagh's rugby world cup
=245  00$aMichael Lynagh's rugby world cup
=260  \\$aLondon :$bEMP.
=336  \\$atext$2rdacontent
=337  \\$aunmediated$2rdamedia
=338  \\$avolume$2rdacarrier
=985  \\$aISSN record only. Issues treated as monographs as title changes with each issue.
=CAT  \\$aCONV$b00$c20040425$lBLL90$h0850
=CAT  \\$aCONV$b00$c20040502$lBLL01$h1434
=CAT  \\$aglobal_upd$b40$c20060417$lBLL01$h1818
=CAT  \\$aBATCH$b00$c20091210$lBLL01$h0503
=CAT  \\$aBATCH$b00$c20091214$lBLL01$h0706
=CAT  \\$a10973$b40$c20120816$lBLL01$h1428
=CAT  \\$a10973$b40$c20120816$lBLL01$h1429
=CAT  \\$a10973$b40$c20120816$lBLL01$h1430
=FIN  \\$aY
=FMT  \\$a  SE
=LAS  \\$a10973$b40$c20120816$lBLL01$h1430
=LEO  \\$aMP22.0000060940
=SRC  \\$aISN01$bbibmp22.200404.2.aa
=TCO  \\$aCLA$bCLA$c008

