=LDR  01994 as a22005777a 4500
=001  011459043
=003  Uk
=005  20190123155402.0
=007  cr||||||||||||
=008  021014c20009999enkm|\p\o\\\\|0\\\a0eng\\
=022  0\$a1471-2091$202
=040  \\$aUk$cUk$dUk
=210  0\$aBMC biochem.$b(Online)
=222  \0$aBMC biochemistry$b(Online)
=245  00$aBMC biochemistry.
=246  3\$aBioMed Central biochemistry
=260  \\$aLondon :$bBioMed Central
=336  \\$atext$2rdacontent
=337  \\$acomputer$2rdamedia
=338  \\$aonline resource$2rdacarrier
=540  \\$aCurrent copyright fee: zero$c22\1$5Uk
=780  01$tBMC biochemistry and structural biology$x1471-2237
=856  \\$31850-9999$uhttp://link.springer.com/$xBLDSS
=945  \\$aBMC biochemistry.
=979  \\$aBritish Library$bDSC$j2116.050806N
=985  \\$aISSN record only. Please do not merge. Do not add items - sf 28/10/2010.
=CAT  \\$aCONV$b00$c20040425$lBLL90$h0850
=CAT  \\$aCONV$b00$c20040502$lBLL01$h1434
=CAT  \\$aglobal_upd$b40$c20060417$lBLL01$h1819
=CAT  \\$aBATCH$b00$c20091210$lBLL01$h0503
=CAT  \\$aBATCH$b00$c20091214$lBLL01$h0707
=CAT  \\$a3072$b40$c20101020$lBLL01$h1510
=CAT  \\$a11316$b40$c20101028$lBLL01$h1152
=CAT  \\$a8323N$b50$c20151103$lBLL01$h1350
=CAT  \\$a8323N$b40$c20151104$lBLL01$h0752
=CAT  \\$aBATCH-CLA$b00$c20151127$lBLL01$h1630
=CAT  \\$aWR15058$c20151230$lBLL01$h1441
=CAT  \\$a5552$b40$c20190123$lBLL01$h1554
=CAT  \\$aBATCH-UPD$b40$c20190129$lBLL01$h2353
=CAT  \\$aBLDSS-3PM$b00$c20190130$lBLL01$h1513
=CAT  \\$aBATCH-UPD$b00$c20190130$lBLL01$h1514
=CFI  0\$aCurrent copyright fee: zero$c22\1$e23-jan-2019$fGBP0.00$g0$hP$5Uk
=FFP  \\$aY$bBLDSS-3PM
=FIN  \\$aY
=FMT  \\$a  SE
=LAS  \\$aBATCH-UPD$b00$c20190130$lBLL01$h1514
=LEO  \\$aMP22.0000064664
=SRC  \\$aISN01$bbibmp22.200404.2.aa
=TCO  \\$aCLA$bCLA$c008
=TOC  \\$aETOC
=UNO  \\$aY

