=LDR  01828 as a22005177a 4500
=001  011459056
=003  Uk
=005  20190123162015.0
=007  cr||||
=008  001003d2000200uenk\x2p\s|\\\\0\\\a0eng\\
=022  0\$a1471-2237$202
=040  \\$aUk$cUk
=210  0\$aBMC biochem. struct. biol.
=222  \0$aBMC biochemistry and structural biology
=245  00$aBMC biochemistry and structural biology
=246  00$aBioMed Central biochemistry and structural biology
=260  \\$aLondon :$bBioMed Central.
=336  \\$atext$2rdacontent
=337  \\$acomputer$2rdamedia
=338  \\$aonline resource$2rdacarrier
=540  \\$aCurrent copyright fee: zero$c22\1$5Uk
=785  06$tBMC biochemistry (Online)$x1471-2091
=785  06$tBMC structural biology (Online)$x1472-6807
=856  \\$31850-9999$uhttp://link.springer.com/$xBLDSS
=945  \\$aBMC STRUCTURAL BIOLOGY
=979  \\$aBritish Library$bDSC$j2116.051650N
=985  \\$aISSN record only. Please do not merge. Do not add items - sf 28/10/2010.
=CAT  \\$aCONV$b00$c20040425$lBLL90$h0850
=CAT  \\$aCONV$b00$c20040502$lBLL01$h1434
=CAT  \\$aglobal_upd$b40$c20060417$lBLL01$h1819
=CAT  \\$aBATCH$b00$c20091210$lBLL01$h0503
=CAT  \\$aBATCH$b00$c20091214$lBLL01$h0707
=CAT  \\$a11316$b40$c20101028$lBLL01$h1154
=CAT  \\$a5552$b40$c20190123$lBLL01$h1620
=CAT  \\$aBATCH-UPD$b40$c20190129$lBLL01$h2353
=CAT  \\$aBLDSS-3PM$b00$c20190130$lBLL01$h1513
=CAT  \\$aBATCH-UPD$b00$c20190130$lBLL01$h1514
=CFI  0\$aCurrent copyright fee: zero$c22\1$e23-jan-2019$fGBP0.00$g0$hP$5Uk
=FFP  \\$aY$bBLDSS-3PM
=FIN  \\$aY
=FMT  \\$a  SE
=LAS  \\$aBATCH-UPD$b00$c20190130$lBLL01$h1514
=LEO  \\$aMP22.0000064677
=SRC  \\$aISN01$bbibmp22.200404.2.aa
=TCO  \\$aCLA$bCLA$c008
=UNO  \\$aY

