=LDR  01964 as a22004693i 4500
=001  012088112
=003  Uk
=005  20080110135104.0
=007  ta
=008  020211d199u2001xxkq|2\|||\\\||\\\a0eng\\
=022  0\$a1475-5750$202
=040  \\$aUk$cUk
=082  04$a368.42
=222  \0$aIncapacity benefit and severe disablement allowance summary statistics
=245  00$aIncapacity benefit and severe disablement allowance summary statistics
=246  03$aIB/SDA
=260  \\$aBelfast :$bDepartment for Social Development.
=336  \\$atext$2rdacontent
=337  \\$aunmediated$2rdamedia
=338  \\$avolume$2rdacarrier
=710  1\$aNorthern Ireland.$bDepartment for Social Development.$bStatistics and Research Branch.
=785  07$tIncome support summary statistics$x1475-5777
=785  07$tJobseeker's allowance summary statistics$x1475-5769
=785  07$tDisability living allowance, attendance allowance, invalid care allowance$x1475-5491
=785  07$tNorthern Ireland summary of social security statistics (Print)$x1476-2463
=985  \\$aISSN Centre note: Online version made available 2003- , not as a direct continuation of the print version - sf 10.01.08
=985  \\$aRecord amended for WR# 13/070
=CAT  \\$aCONV$b00$c20040425$lBLL90$h0850
=CAT  \\$aCONV$b00$c20040502$lBLL01$h1456
=CAT  \\$a9572$b40$c20060120$lBLL01$h1700
=CAT  \\$aglobal_upd$b40$c20060417$lBLL01$h1840
=CAT  \\$a11316$b40$c20080110$lBLL01$h1351
=CAT  \\$aBATCH$b00$c20091210$lBLL01$h0648
=CAT  \\$aWR13_070$b00$c20130504$lBLL01$h0226
=CAT  \\$aWR13_070C$c20130611$lBLL01$h1851
=FIN  \\$aY
=FMT  \\$a  SE
=LAS  \\$aWR13_070C$b00$c20130611$lBLL01$h1851
=LEO  \\$aMP22.0000067954
=LKR  \\$aPAR$b009913835$r785$mIncapacity benefit and severe disablement allowance summary statistics$nNorthern Ireland summary of social security statistics.
=SRC  \\$aISN01$bbibmp22.200404.2.aa
=TCO  \\$aCLA$bCLA$c008

