=LDR  01122 as a22003617a 4500
=001  012089809
=003  Uk
=005  20110118115716.0
=007  ta
=008  030728c20029999enkmr2p\\\\\\|0\\\a0eng\\
=022  0\$a1740-9136$202
=040  \\$aUk$cUk$dUk
=222  \0$aLondon's economy today$b(Print)
=245  00$aLondon's economy today.
=260  \\$aLondon :$bGLA Economics
=336  \\$atext$2rdacontent
=337  \\$aunmediated$2rdamedia
=338  \\$avolume$2rdacarrier
=710  2\$aGLA Economics.
=776  0\$tLondon's economy today$c(E-mail)$x1740-9144
=776  0\$tLondon's economy today$c(Online)$x1740-9195
=985  \\$aISSN RECORD ONLY. PLEASE DO NOT MERGE. PLEASE DO NOT ADD ITEMS.
=CAT  \\$aCONV$b00$c20040425$lBLL90$h0850
=CAT  \\$aCONV$b00$c20040502$lBLL01$h1456
=CAT  \\$aglobal_upd$b40$c20060417$lBLL01$h1841
=CAT  \\$aBATCH$b00$c20091210$lBLL01$h0648
=CAT  \\$a11316$b40$c20110118$lBLL01$h1157
=FIN  \\$aY
=FMT  \\$a  SE
=LAS  \\$a11316$b40$c20110118$lBLL01$h1157
=LEO  \\$aMP22.0000071141
=SRC  \\$aISN01$bbibmp22.200404.2.aa
=TCO  \\$aCLA$bCLA$c008

