=LDR  01261 as a22003857a 4500
=001  012089810
=003  Uk
=005  20110118115727.0
=007  cr||||||||||||
=008  030728c20029999enkmr2p\s\\\\|0\\\a0eng\\
=022  0\$a1740-9144$202
=040  \\$aUk$cUk$dUk
=222  \0$aLondon's economy today$b(E-mail)
=245  00$aLondon's economy today$h[electronic resource].
=260  \\$aLondon :$bGLA Economics
=336  \\$atext$2rdacontent
=337  \\$acomputer$2rdamedia
=338  \\$aonline resource$2rdacarrier
=710  2\$aGLA Economics.
=776  0\$tLondon's economy today$c(Online)$x1740-9195
=776  0\$tLondon's economy today$c(Print)$x1740-9136
=985  \\$aISSN RECORD ONLY. PLEASE DO NOT MERGE. PLEASE DO NOT ADD ITEMS.
=CAT  \\$aCONV$b00$c20040425$lBLL90$h0850
=CAT  \\$aCONV$b00$c20040502$lBLL01$h1456
=CAT  \\$aglobal_upd$b40$c20060417$lBLL01$h1841
=CAT  \\$a8874$b40$c20070411$lBLL01$h1558
=CAT  \\$aBATCH$b00$c20091210$lBLL01$h0648
=CAT  \\$a11316$b40$c20110118$lBLL01$h1154
=CAT  \\$a11316$b40$c20110118$lBLL01$h1157
=FIN  \\$aY
=FMT  \\$a  SE
=LAS  \\$a11316$b40$c20110118$lBLL01$h1157
=LEO  \\$aMP22.0000071142
=SRC  \\$aISN01$bbibmp22.200404.2.aa
=TCO  \\$aCLA$bCLA$c008

