=LDR  02037aas a2200541 a 4500
=001  012090574
=003  Uk
=005  20111130084535.0
=007  ta
=008  040407d20042005enkwr\p\\\\\\\0\\\a0eng\\
=022  0\$a1743-7369$202
=040  \\$aUk$beng$cUk$dUk
=042  \\$aukblsr
=222  \0$aFootball first
=245  00$aFootball first.
=260  \\$a[London :$bMGN],$c2004-2005.
=300  \\$a69 v. :$bill., ports.
=310  \\$aWeekly
=336  \\$atext$2rdacontent
=337  \\$aunmediated$2rdamedia
=338  \\$avolume$2rdacarrier
=362  0\$aIssue no. 312 (14 Mar. 2004)-issue no. 380 (8 July 2005).
=500  \\$aDescription based on: Issue no. 315 (Apr. 4, 2004).
=500  \\$aLatest issue consulted: No. 318 (Apr. 25, 2004).
=580  \\$aFrom Apr. 2004- is supplement to: Sunday journal (Derry).
=650  \0$aSoccer$zGreat Britain$vNewspapers.
=772  1\$tSunday journal (Derry, Northern Ireland)$x1759-8710
=780  01$tSport first (2001 : Sunday edition)$x1759-8737
=785  01$tSport first$c(2005)$x1748-5223
=866  \\$aPRINT NOT AVAILABLE FOR CONSERVATION REASONS, MICROFILM IS AVAILABLE.
=985  \\$aExisting ISSN record upgraded from NPL microfilm record to form NPL print record.
=CAT  \\$aCONV$b00$c20040425$lBLL90$h0850
=CAT  \\$aCONV$b00$c20040502$lBLL01$h1456
=CAT  \\$a7152$b40$c20051012$lBLL01$h1647
=CAT  \\$aglobal_upd$b40$c20060417$lBLL01$h1841
=CAT  \\$a8323$b40$c20090107$lBLL01$h0910
=CAT  \\$a8323$b40$c20090107$lBLL01$h1333
=CAT  \\$a8323$b40$c20090107$lBLL01$h1335
=CAT  \\$aBATCH$b00$c20091210$lBLL01$h0648
=CAT  \\$a8323$b40$c20111130$lBLL01$h0845
=FIN  \\$aY
=FMT  \\$a  SE
=LAS  \\$a8323$b40$c20111130$lBLL01$h0845
=LEO  \\$aMP22.0000072175
=LKR  \\$aPAR$b013920732$lBLL01$nFootball first (Microfilm)$mFootball first (Print)$r776
=LKR  \\$aPAR$b014870728$lBLL01$nSport first (2001 : Sunday edition)$mFootball first$r78001
=SRC  \\$aISN01$bbibmp22.200404.2.aa
=TCO  \\$aCLA$bCLA$c008

