=LDR  01552 as a22004097a 4500
=001  012900034
=003  Uk
=005  20200618085105.0
=006  m\\\\\\\\d\|\\\\\\
=007  cr||||||||||||
=008  040326c20069999xxcqr\p\s\\\\\0\\\a0eng\\
=022  0\$a1743-761X
=040  \\$aUk$beng$cUk
=222  \0$aInternational journal of sustainable development and planning$b(Online)
=245  00$aInternational journal of sustainable development and planning$h[electronic resource].
=260  \\$aSouthampton :$bWIT Press
=264  31$32020-$aEdmonton, Canada :$bInternational Information & Engineering Technology Association
=310  \\$aQuarterly
=336  \\$atext$2rdacontent
=337  \\$acomputer$2rdamedia
=338  \\$aonline resource$2rdacarrier
=710  2\$aInternational Information & Engineering Technology Association,$eissuing body.
=776  0\$tInternational journal of sustainable development and planning$c(Print)$x1743-7601
=856  40$uhttp://www.iieta.org/Journals/IJSDP
=985  \\$aISSN transferred to ISSN Canada (18/06/20)
=CAT  \\$a8870$b40$c20040326$lTMP01$h1608
=CAT  \\$aEXLIBRIS$c20040606$lBLL01$h1132
=CAT  \\$a11316$b40$c20050209$lBLL01$h0941
=CAT  \\$a6537$b40$c20060901$lBLL01$h1243
=CAT  \\$a8874$b40$c20090216$lBLL01$h1459
=CAT  \\$a10806$b40$c20200129$lBLL01$h0955
=CAT  \\$a10806$b40$c20200617$lBLL01$h1405
=CAT  \\$a10806$b40$c20200618$lBLL01$h0851
=FIN  \\$aY$d20060901
=FMT  \\$a  SE
=LAS  \\$a10806$b40$c20200618$lBLL01$h0851
=TCO  \\$aCLA$bCLA$c008

