=LDR  01095cas a22003138a 4500
=001  012901461
=003  Uk
=005  20230404083422.0
=006  m\\\\\\\\d\|\\\\\\
=007  cr||||||||||||
=008  040420c200u9999xxkuu\p\\\\\\\0\\\a0eng\\
=022  0\$a1740-9543$202
=040  \\$aUk$beng$cUk$erda
=222  \0$aAccounting letters$b(Online)
=245  00$aAccounting letters.
=263  \\$a200501
=264  \1$a[Great Britain] :$b[publisher not identified]
=336  \\$atext$2rdacontent
=337  \\$aunmediated$2rdamedia
=338  \\$avolume$2rdacarrier
=776  08$iAlso issued in print as:$tAccounting letters$x1740-9535
=985  \\$aISSN UK Centre: Record updated to push to Portal (KTF project), please update 008/263 and publisher info from file as required. Suspect published Edinburgh : Global Ecofinance?
=CAT  \\$a8201$b40$c20040420$lTMP01$h1442
=CAT  \\$aEXLIBRIS$c20040606$lBLL01$h1132
=CAT  \\$a10973$b40$c20230404$lBLL01$h0834
=FMT  \\$a  SE
=LAS  \\$a10973$b40$c20230404$lBLL01$h0834
=LET  \0$aAccounting letters (Electronic)
=TCO  \\$aCLA$bCLA$c008

