=LDR  00916 as a22003138i 4500
=001  012901485
=003  Uk
=005  20200917123106.0
=007  ta
=008  040420c19949999enkqr\p\\\\\\\0\\\a0eng\\
=022  0\$a1356-7713$202
=040  \\$aUk$beng$cUk$erda
=222  \0$aArts and academic review
=245  00$aArts and academic review.
=263  \\$a199411
=264  \1$aLondon :$bS. Wellbeloved
=310  \\$aQuarterly
=336  \\$atext$2rdacontent
=337  \\$aunmediated$2rdamedia
=338  \\$avolume$2rdacarrier
=985  \\$aISSN suppressed 17.09.20. No evidence of publication.
=985  \\$aISSN record only. Do not merge. Do not add items.
=CAT  \\$a11439$b40$c20040420$lTMP01$h1450
=CAT  \\$aEXLIBRIS$c20040606$lBLL01$h1132
=CAT  \\$a11130$b40$c20200917$lBLL01$h1231
=FMT  \\$a  SE
=LAS  \\$a11130$b40$c20200917$lBLL01$h1231
=STA  \\$aSUPPRESSED$bISSN
=TCO  \\$aCLA$bCLA$c008

