=LDR  00899 as a22002658a 4500
=001  012901842
=003  Uk
=005  20211008094239.0
=008  040421c199u9999enk\x\p\\\\\\\0\\\a0eng\\
=022  \\$a1467-5439$202
=040  \\$aUk$beng$cUk
=222  \0$aAutomotive. Traffic control and navigation systems.$b(Japanese ed.)
=245  00$aAutomotive. Traffic control and navigation systems.
=263  \\$a199512
=264  \1$a[London] :$b[Derwent]
=336  \\$atext$2rdacontent
=337  \\$aunmediated$2rdamedia
=338  \\$avolume$2rdacarrier
=985  \\$aISSN UK Centre: record updated to send provisional record to Portal (KTF), file not viewed so 263/264 info supplied.
=CAT  \\$a2941$b40$c20040421$lTMP01$h1203
=CAT  \\$aEXLIBRIS$c20040606$lBLL01$h1132
=CAT  \\$a10973$b40$c20211008$lBLL01$h0942
=FMT  \\$a  SE
=LAS  \\$a10973$b40$c20211008$lBLL01$h0942
=TCO  \\$aCLA$bCLA$c008

