=LDR  00875cas a22003018i 4500
=001  012902274
=003  Uk
=005  20230427135227.0
=007  ta
=008  040421c199u9999enkuu\p\\\\\\\0\\\a0eng\\
=022  0\$a0964-7767$202
=040  \\$aUk$beng$cUk$erda
=222  \0$aAuto select$b(South ed.)
=245  00$aAuto select.
=250  \\$aSouth edition
=264  \1$a[Luton] :$b[Auto Select]
=336  \\$atext$2rdacontent
=337  \\$aunmediated$2rdamedia
=338  \\$avolume$2rdacarrier
=985  \\$aISSN UK Centre: suppressed 27/4/23. No copy.
=985  \\$aISSN RECORD ONLY. DO NOT MERGE. DO NOT ADD ITEMS.
=CAT  \\$a11439$b40$c20040421$lTMP01$h1551
=CAT  \\$aEXLIBRIS$c20040606$lBLL01$h1132
=CAT  \\$a10973$b40$c20230427$lBLL01$h1352
=FMT  \\$a  SE
=LAS  \\$a10973$b40$c20230427$lBLL01$h1352
=STA  \\$aSUPPRESSED$bISSN
=TCO  \\$aCLA$bCLA$c008

