=LDR  00915cas a22003138a 4500
=001  012902286
=003  Uk
=005  20220729152742.0
=007  ta
=008  040421c19969999xxkqr\p\\\\\\\0\\\a0eng\\
=022  0\$a1362-2374$202
=040  \\$aUk$beng$cUk
=222  \0$aAllergist$b(Qualify)
=245  00$aAllergist.
=263  \\$a199606
=264  \1$aMilton Keynes :$bConduit Ltd
=310  \\$aQuarterly
=336  \\$atext$2rdacontent
=337  \\$aunmediated$2rdamedia
=338  \\$avolume$2rdacarrier
=985  \\$aISSN Suppressed 29.07.2022. No evidence of publication
=985  \\$aISSN record only. Please do not merge this record. Do not add items
=CAT  \\$a11313$b40$c20040421$lTMP01$h1600
=CAT  \\$aEXLIBRIS$c20040606$lBLL01$h1132
=CAT  \\$a5466D$b40$c20220729$lBLL01$h1527
=FMT  \\$a  SE
=LAS  \\$a5466D$b40$c20220729$lBLL01$h1527
=STA  \\$aSUPPRESSED$bISSN
=TCO  \\$aCLA$bCLA$c008

