=LDR  00902 as a22002658a 4500
=001  012903202
=003  Uk
=005  20140317133722.0
=008  040422c\\\\9999xxk\|\\\\\\\\\0\\\a0eng\\
=022  \\$a0067-5709$202
=040  \\$aUk$beng$cUk
=222  \0$aBEMA engineering directory
=245  00$aBEMA engineering directory.
=336  \\$atext$2rdacontent
=337  \\$aunmediated$2rdamedia
=338  \\$avolume$2rdacarrier
=985  \\$aUlrich's
=985  \\$aThis is an Ulrich's unvalidated title. It has the following successor title: Engineering directory - Bristol and Western Engineering Manufacturers Association. ISSN 0967-2478
=CAT  \\$aDAVID$b40$c20040422$lTMP01$h0804
=CAT  \\$aEXLIBRIS$c20040606$lBLL01$h1132
=CAT  \\$a6537$b40$c20140317$lBLL01$h1337
=FMT  \\$a  SE
=LAS  \\$a6537$b40$c20140317$lBLL01$h1337
=STA  \\$aSUPPRESSED$bPreliminary record
=TCO  \\$aCLA$bCLA$c008

