=LDR  01107cas a22003258a 4500
=001  012903224
=003  Uk
=005  20230627154400.0
=007  ta
=008  040422c199u9999xxkuu\p\\\\\\\0\\\a0eng\\
=022  0\$a0963-0074$202
=040  \\$aUk$beng$cUk$erda
=222  \0$aAlternative music magazine
=245  00$aAlternative music magazine.
=263  \\$a199901
=264  \1$a[Great Britain] :$b[publisher not identified]
=336  \\$atext$2rdacontent
=337  \\$aunmediated$2rdamedia
=338  \\$avolume$2rdacarrier
=985  \\$aISSN UK Centre: record updated for suppression. No file, dates/information not verified. If file found please update 008 and 264.
=985  \\$aISSN UK Centre: ISSN suppressed 27/6/23. No evidence of publication.
=985  \\$aISSN RECORD ONLY. DO NOT MERGE.
=CAT  \\$a11313$b40$c20040422$lTMP01$h0818
=CAT  \\$aEXLIBRIS$c20040606$lBLL01$h1132
=CAT  \\$a10973$b40$c20230627$lBLL01$h1543
=CAT  \\$a10973$b40$c20230627$lBLL01$h1544
=FMT  \\$a  SE
=LAS  \\$a10973$b40$c20230627$lBLL01$h1544
=STA  \\$aSUPPRESSED$bISSN
=TCO  \\$aCLA$bCLA$c008

