=LDR  00776cas a22002658a 4500
=001  012903318
=003  Uk
=005  20220310141337.0
=008  040422c\\\\9999xxk\|\\\\\\\\\0\\\a0eng\\
=022  0\$a0071-9609$202
=040  \\$aUk$beng$cUk
=222  \0$aAnnual report$b(Friends Service Council)
=245  00$aAnnual report.
=336  \\$atext$2rdacontent
=337  \\$aunmediated$2rdamedia
=338  \\$avolume$2rdacarrier
=985  \\$aUlrich's - ISSN cancelled
=CAT  \\$a8323$b40$c20040422$lTMP01$h0945
=CAT  \\$aEXLIBRIS$c20040606$lBLL01$h1132
=CAT  \\$a8456$b40$c20140314$lBLL01$h1137
=CAT  \\$a8323$b40$c20220310$lBLL01$h1413
=FMT  \\$a  SE
=LAS  \\$a8323$b40$c20220310$lBLL01$h1413
=STA  \\$aSUPPRESSED$bPreliminary Record
=TCO  \\$aCLA$bCLA$c008

