=LDR  00849 as a22002658a 4500
=001  012903417
=003  Uk
=005  20211109131857.0
=008  040422c20019999enk\x\p\\\\\\\0\\\a0eng\\
=022  \\$a1472-6858$202
=040  \\$aUk$beng$cUk
=222  \0$aBMC toxicology
=245  00$aBMC toxicology.
=263  \\$a200112
=264  \1$aLondon :$bBioMed Central
=336  \\$atext$2rdacontent
=337  \\$aunmediated$2rdamedia
=338  \\$avolume$2rdacarrier
=985  \\$aISSN UK Centre: record updated as part of KTF checking to update Portal from 'unreported' to 'provisional' ; 263 date not correct (file not consulted).
=CAT  \\$a11439$b40$c20040422$lTMP01$h1131
=CAT  \\$aEXLIBRIS$c20040606$lBLL01$h1132
=CAT  \\$a10973$b40$c20211109$lBLL01$h1318
=FMT  \\$a  SE
=LAS  \\$a10973$b40$c20211109$lBLL01$h1318
=TCO  \\$aCLA$bCLA$c008

