=LDR  00942cas a22003018a 4500
=001  012904231
=003  Uk
=005  20220316114536.0
=007  ta
=008  040423c19999999enkbr\p\\\\\\\0\\\a0eng\\
=022  \\$a1465-9077
=040  \\$aUk$beng$cUk
=222  \0$aCelebrity style hair
=245  00$aCelebrity style hair.
=260  \\$aDorking :$bIan Watts International
=263  \\$a199901
=310  \\$aBimonthly
=336  \\$atext$2rdacontent
=337  \\$aunmediated$2rdamedia
=338  \\$avolume$2rdacarrier
=985  \\$aISSN UK: Volume no. 2 (August 1999) recalled, scanned and sent to U.S. Center for completion (published in New York) (Richard, 16/03/22)
=CAT  \\$a11194$b40$c20040423$lTMP01$h1513
=CAT  \\$aEXLIBRIS$c20040606$lBLL01$h1132
=CAT  \\$a11130$b40$c20120528$lBLL01$h0957
=CAT  \\$a10806$b40$c20220316$lBLL01$h1145
=FMT  \\$a  SE
=LAS  \\$a10806$b40$c20220316$lBLL01$h1145
=TCO  \\$aCLA$bCLA$c008

