=LDR  00943cas a22003258a 4500
=001  012904395
=003  Uk
=005  20211124141906.0
=007  ta
=008  040426c19949999enkar\p\\\\\\\0\\\a0eng\\
=022  0\$a1352-3902$202
=040  \\$aUk$beng$cUk
=222  \0$aCapital guide
=245  00$aCapital guide.
=260  \\$aLondon :$bHHL
=263  \\$a199403
=310  \\$aAnnual
=336  \\$atext$2rdacontent
=337  \\$aunmediated$2rdamedia
=338  \\$avolume$2rdacarrier
=985  \\$aISSN Suppressed 24.11.2021. No evidence of publication.
=985  \\$aISSN record only. Please do not merge this record. Do not add items.
=CAT  \\$a9604$b40$c20040426$lTMP01$h0856
=CAT  \\$aEXLIBRIS$c20040606$lBLL01$h1132
=CAT  \\$a6971$b40$c20071022$lBLL01$h1632
=CAT  \\$a5466D$b40$c20211124$lBLL01$h1419
=FMT  \\$a  SE
=LAS  \\$a5466D$b40$c20211124$lBLL01$h1419
=STA  \\$aSUPPRESSED$bISSN
=TCO  \\$aCLA$bCLA$c008

