=LDR  00804 as a22002418a 4500
=001  012904491
=003  Uk
=005  20090119135841.0
=008  040426c\\\\9999xxk\|\\\\\\\\\0\\\a0eng\\
=022  \\$a0968-5278$202
=040  \\$aUk$beng$cUk
=222  \0$aCentral European University privatisation reports
=245  00$aCentral European University privatisation reports.
=336  \\$atext$2rdacontent
=337  \\$aunmediated$2rdamedia
=338  \\$avolume$2rdacarrier
=985  \\$aISSN corrected (error on original record). Pre-pub folder not available to update record. sf 19/1/09
=CAT  \\$a11194$b40$c20040426$lTMP01$h0936
=CAT  \\$aEXLIBRIS$c20040606$lBLL01$h1132
=CAT  \\$a11316$b40$c20090119$lBLL01$h1358
=FMT  \\$a  SE
=LAS  \\$a11316$b40$c20090119$lBLL01$h1358
=TCO  \\$aCLA$bCLA$c008

