=LDR  00826cas a22002778a 4500
=001  012904529
=003  Uk
=005  20220721143324.0
=007  ta
=008  040426c19949999xxkuu\p\\\\\\\0\\\a0eng\\
=022  0\$a0957-8196$202
=040  \\$aUk$beng$cUk
=222  \0$aBritish sports industry equipment, clothing & footwear
=245  00$aBritish sports industry equipment, clothing & footwear.
=263  \\$a199406
=264  \1$a[Great Britain] :$b[publisher not identified]
=336  \\$atext$2rdacontent
=337  \\$aunmediated$2rdamedia
=338  \\$avolume$2rdacarrier
=985  \\$aNo ISSN file.
=CAT  \\$a8323$b40$c20040426$lTMP01$h0952
=CAT  \\$aEXLIBRIS$c20040606$lBLL01$h1132
=CAT  \\$a11205$b40$c20220721$lBLL01$h1433
=FMT  \\$a  SE
=LAS  \\$a11205$b40$c20220721$lBLL01$h1433
=TCO  \\$aCLA$bCLA$c008

