=LDR  00884 as a22002898a 4500
=001  012904575
=003  Uk
=005  20140312143300.0
=008  040426c\\\\9999xxk\|\\\\\\\\\0\\\a0eng\\
=022  \\$a0069-0317$202
=040  \\$aUk$beng$cUk
=222  \0$aCaravan & chalet sites guide
=245  00$aCaravan & chalet sites guide.
=336  \\$atext$2rdacontent
=337  \\$aunmediated$2rdamedia
=338  \\$avolume$2rdacarrier
=985  \\$aUlrich's
=985  \\$aCaravan sites in Britain and Irealand also with this ISSN
=CAT  \\$a9604$b40$c20040426$lTMP01$h1044
=CAT  \\$a9604$b40$c20040426$lTMP01$h1111
=CAT  \\$a9604$b40$c20040426$lTMP01$h1311
=CAT  \\$aEXLIBRIS$c20040606$lBLL01$h1132
=CAT  \\$a6537$b40$c20140312$lBLL01$h1433
=FMT  \\$a  SE
=LAS  \\$a6537$b40$c20140312$lBLL01$h1433
=STA  \\$aSUPPRESSED$bPreliminary record
=TCO  \\$aCLA$bCLA$c008

