=LDR  00869cas a22003018a 4500
=001  012904819
=003  Uk
=005  20221107135754.0
=007  ta
=008  040426c19959999nikwr\p\\\\\\\0\\\a0eng\\
=022  \\$a1359-3137$202
=040  \\$aUk$beng$cUk
=222  \0$aBuy & sell$b(Northern Ireland ed.)
=245  00$aBuy & sell.
=264  \1$aBelfast :$bBuy & Sell
=336  \\$atext$2rdacontent
=337  \\$aunmediated$2rdamedia
=338  \\$avolume$2rdacarrier
=985  \\$aISSN Suppressed 7.11.22, copy not received.
=985  \\$aISSN RECORD. DO NOT MERGE.
=CAT  \\$a3072$b40$c20040426$lTMP01$h1320
=CAT  \\$a3072$b40$c20040426$lTMP01$h1324
=CAT  \\$aEXLIBRIS$c20040606$lBLL01$h1132
=CAT  \\$a10973$b40$c20221107$lBLL01$h1357
=FMT  \\$a  SE
=LAS  \\$a10973$b40$c20221107$lBLL01$h1357
=STA  \\$aSUPPRESSED$bISSN
=TCO  \\$aCLA$bCLA$c008

