=LDR  00930 as a22003018a 4500
=001  012905375
=003  Uk
=005  20150420134650.0
=006  m\\\\\\\\d\|\\\\\\
=007  co||||||||||||
=008  040427c19979999enku|\\\s\\\\\0\\\a0eng\\
=022  0\$a1369-359X$202
=040  \\$aUk$beng$cUk
=222  \0$aBritish tax cases$b(CD-ROM)
=245  00$aBritish tax cases.
=260  \\$aBicester :$bCCH Editions
=263  \\$a199708
=336  \\$atext$2rdacontent
=337  \\$acomputer$2rdamedia
=338  \\$acomputer disc$2rdacarrier
=985  \\$aISSN UK Centre note: See also ISSN 0266-1004 - please add 776 fields when completing. ISSN UK, 20.04.2015.
=CAT  \\$a8323$b40$c20040427$lTMP01$h1006
=CAT  \\$aEXLIBRIS$c20040606$lBLL01$h1132
=CAT  \\$a6971$b40$c20070829$lBLL01$h1636
=CAT  \\$a11313$b40$c20150420$lBLL01$h1346
=FMT  \\$a  SE
=LAS  \\$a11313$b40$c20150420$lBLL01$h1346
=TCO  \\$aCLA$bCLA$c008

