=LDR  01011cas a22003378a 4500
=001  012905720
=003  Uk
=005  20220902121236.0
=007  ta
=008  040427c19969999enkqr\p\\\\\\\0\\\a0eng\\
=022  0\$a1362-427X$202
=040  \\$aUk$beng$cUk$erda
=222  \0$aCookery and craft
=245  00$aCookery and craft.
=263  \\$a199603
=264  \1$aLondon :$bRAP Publishing
=310  \\$aQuarterly
=336  \\$atext$2rdacontent
=337  \\$aunmediated$2rdamedia
=338  \\$avolume$2rdacarrier
=985  \\$aISSN Suppressed 02.09.2022. No evidence of publication
=985  \\$aISSN record only. Please do not merge this record. Do not add items
=CAT  \\$a9604$b40$c20040427$lTMP01$h1211
=CAT  \\$aEXLIBRIS$c20040606$lBLL01$h1132
=CAT  \\$a11313$b40$c20210628$lBLL01$h1241
=CAT  \\$a5466D$b40$c20220902$lBLL01$h1212
=FMT  \\$a  SE
=LAS  \\$a5466D$b40$c20220902$lBLL01$h1212
=LET  \0$aCookery and craft (Print)
=STA  \\$aSUPPRESSED$bISSN
=TCO  \\$aCLA$bCLA$c008

