=LDR  01149cas a22003618a 4500
=001  012906235
=003  Uk
=005  20220901114012.0
=007  ta
=008  040427c19969999xxkmu\p\\\\\\\0\\\a0eng\\
=022  0\$a1362-556X$202
=040  \\$aUk$beng$cUk
=222  \0$aComputer life$b(Northern ed. CD-ROM)
=245  00$aComputer life.
=260  \\$a[United Kingdom :$bCOMAG]
=263  \\$a199603
=310  \\$aMonthly
=336  \\$atext$2rdacontent
=337  \\$aunmediated$2rdamedia
=338  \\$avolume$2rdacarrier
=985  \\$aSimilar records have CD attached, likely this is not a CD.
=985  \\$aISSN Suppressed 01.09.2022. No evidence of publication
=985  \\$aISSN record only. Please do not merge this record. Do not add items
=CAT  \\$a11439$b40$c20040427$lTMP01$h1550
=CAT  \\$aEXLIBRIS$c20040606$lBLL01$h1133
=CAT  \\$a6971$b40$c20070829$lBLL01$h1152
=CAT  \\$a6971$b40$c20070829$lBLL01$h1154
=CAT  \\$a6971$b40$c20070829$lBLL01$h1155
=CAT  \\$a5466D$b40$c20220901$lBLL01$h1140
=FMT  \\$a  SE
=LAS  \\$a5466D$b40$c20220901$lBLL01$h1140
=STA  \\$aSUPPRESSED$bISSN
=TCO  \\$aCLA$bCLA$c008

