=LDR  00988 as a22003138a 4500
=001  012906862
=003  Uk
=005  20200728134733.0
=008  040428c19969999xxkbu\p\\\\\\\0\\\a0eng\\
=022  0\$a1359-2688$202
=040  \\$aUk$beng$cUk
=222  \0$aDesktop graphics & presentation
=245  00$aDesktop graphics & presentation.
=263  \\$a199612
=264  \1$aChislehurst :$bBrightwater Publishing
=310  \\$aBimonthly
=336  \\$atext$2rdacontent
=337  \\$aunmediated$2rdamedia
=338  \\$avolume$2rdacarrier
=985  \\$aISSN Suppressed 28.07.2020. No evidence of publication
=985  \\$aISSN record only. Please do not merge this record. Do not add items
=CAT  \\$a11313$b40$c20040428$lTMP01$h0859
=CAT  \\$aEXLIBRIS$c20040606$lBLL01$h1133
=CAT  \\$a5466$b40$c20200728$lBLL01$h1340
=CAT  \\$a5466$b40$c20200728$lBLL01$h1347
=FMT  \\$a  SE
=LAS  \\$a5466$b40$c20200728$lBLL01$h1347
=STA  \\$aSUPPRESSED$bISSN
=TCO  \\$aCLA$bCLA$c008

