=LDR  00759 as a22002538a 4500
=001  012907421
=003  Uk
=005  20040428163148.0
=008  040428c\\\\9999xxk\|\\\\\\\\\0\\\a0eng\\
=022  \\$a0961-0960$202
=040  \\$aUk$beng$cUk
=222  \0$aBeautiful you
=245  00$aBeautiful you.
=336  \\$atext$2rdacontent
=337  \\$aunmediated$2rdamedia
=338  \\$avolume$2rdacarrier
=985  \\$aISSN supressed 15/10/91 Publication cancelled (pub)
=CAT  \\$a2941$b40$c20040428$lTMP01$h1631
=CAT  \\$aEXLIBRIS$c20040606$lBLL01$h1133
=CAT  \\$aW1711-1225$c20171203$lBLL01$h1020
=FMT  \\$a  SE
=LAS  \\$aW1711-1225$b00$c20171203$lBLL01$h1020
=STA  \\$aSUPPRESSED$bunable to determine reason for suppression
=TCO  \\$aCLA$bCLA$c008

