=LDR  00928 as a22003018i 4500
=001  012907512
=003  Uk
=005  20170412144408.0
=007  ta
=008  040429c19959999enkar\p\\\\\\\0\\\a0eng\\
=022  0\$a1355-6592$202
=040  \\$aUk$beng$cUk$erda
=222  \0$aDictionary of organometallic compounds on CD-ROM
=245  00$aDictionary of organometallic compounds on CD-ROM.
=264  \1$aLondon :$bChapman and Hall
=310  \\$aAnnual
=336  \\$atext$2rdacontent
=337  \\$aunmediated$2rdamedia
=338  \\$avolume$2rdacarrier
=985  \\$aISSN suppressed 13.04.2017. Not published.
=985  \\$aISSN record only. Do not merge. Do not add items
=CAT  \\$a11313$b40$c20040429$lTMP01$h0833
=CAT  \\$aEXLIBRIS$c20040606$lBLL01$h1133
=CAT  \\$a11130$b40$c20170412$lBLL01$h1444
=FMT  \\$a  SE
=LAS  \\$a11130$b40$c20170412$lBLL01$h1444
=STA  \\$aSUPPRESSED$bISSN
=TCO  \\$aCLA$bCLA$c008

