=LDR  00919cas a22002778a 4500
=001  012908951
=003  Uk
=005  20220324132107.0
=008  040504c19959999enkar\p\\\\\\\0\\\a0eng\\
=022  0\$a1357-9827$202
=040  \\$aUk$beng$cUk
=222  \0$aDiscover places to go with the family. The Peak District
=245  00$aDiscover places to go with the family.$pThe Peak District.
=264  \1$aEgham :$bMarketing & Media Promotions Ltd
=336  \\$atext$2rdacontent
=337  \\$aunmediated$2rdamedia
=338  \\$avolume$2rdacarrier
=985  \\$aISSN suppressed. No copy received. 24/3/22.
=985  \\$aISSN record only. Do not merge, do not add items.
=CAT  \\$a11313$b40$c20040504$lTMP01$h0938
=CAT  \\$aEXLIBRIS$c20040606$lBLL01$h1133
=CAT  \\$a10973$b40$c20220324$lBLL01$h1321
=FMT  \\$a  SE
=LAS  \\$a10973$b40$c20220324$lBLL01$h1321
=STA  \\$aSUPPRESSED$bISSN
=TCO  \\$aCLA$bCLA$c008

