=LDR  00797cas a22002658a 4500
=001  012910557
=003  Uk
=005  20230824165806.0
=008  040505c\\\\9999xxk\|\\\\\\\\\0\\\a0eng\\
=022  0\$a0007-0351$202
=040  \\$aUk$beng$cUk
=222  \0$aJournal - British Boot and Shoe Institution
=245  00$aJournal.
=336  \\$atext$2rdacontent
=337  \\$aunmediated$2rdamedia
=338  \\$avolume$2rdacarrier
=985  \\$aUlrich's - ISSN 0306-6460 assigned to this title.
=CAT  \\$a8483$b40$c20040505$lTMP01$h1400
=CAT  \\$aEXLIBRIS$c20040606$lBLL01$h1133
=CAT  \\$a8456$b40$c20140320$lBLL01$h1445
=CAT  \\$a8323$b40$c20230824$lBLL01$h1658
=FMT  \\$a  SE
=LAS  \\$a8323$b40$c20230824$lBLL01$h1658
=STA  \\$aSUPPRESSED$bPreliminary Record
=TCO  \\$aCLA$bCLA$c008

