=LDR  01039cas a22003258a 4500
=001  012910574
=003  Uk
=005  20220616091047.0
=007  ta
=008  040505c19959999enkfr\p\\\\\\\0\\\a0eng\\
=022  0\$a1360-7294$202
=040  \\$aUk$beng$cUk$erda
=222  \0$aEuropean public information technology
=245  00$aEuropean public information technology.
=263  \\$a199502
=264  \1$aWestcliffe on Sea :$bMedia Insight International
=310  \\$aSemi annual
=336  \\$atext$2rdacontent
=337  \\$aunmediated$2rdamedia
=338  \\$avolume$2rdacarrier
=985  \\$aISSN Suppressed 16.06.2022. No evidence of publication.
=985  \\$aISSN record only. Please do not merge this record. Do not add items.
=CAT  \\$a8201$b40$c20040505$lTMP01$h1410
=CAT  \\$aEXLIBRIS$c20040606$lBLL01$h1133
=CAT  \\$a11130$b40$c20130809$lBLL01$h0854
=CAT  \\$a5466D$b40$c20220616$lBLL01$h0910
=FMT  \\$a  SE
=LAS  \\$a5466D$b40$c20220616$lBLL01$h0910
=STA  \\$aSUPPRESSED$bISSN
=TCO  \\$aCLA$bCLA$c008

