=LDR  01056 as a22003498i 4500
=001  012910655
=003  Uk
=005  20180515140117.0
=007  ta
=008  040505c19959999enkbr\p\\\\\\\0\\\a0eng\\
=022  0\$a1356-1758$202
=040  \\$aUk$beng$cUk$erda
=222  \0$aFit scene
=245  00$aFit scene.
=263  \\$a199501
=264  \1$aBristol :$bFit Scene Magazine.
=310  \\$aBimonthly
=336  \\$atext$2rdacontent
=337  \\$aunmediated$2rdamedia
=338  \\$avolume$2rdacarrier
=985  \\$aISSN suppressed 08.05.2018. No evidence of publication.
=985  \\$aISSN record only. Please do not merge this record. Do not add items.
=CAT  \\$a7236$b40$c20040505$lTMP01$h1447
=CAT  \\$aEXLIBRIS$c20040606$lBLL01$h1133
=CAT  \\$a5466$b40$c20180508$lBLL01$h0813
=CAT  \\$a5466$b40$c20180508$lBLL01$h0932
=CAT  \\$a5466$b40$c20180508$lBLL01$h1053
=CAT  \\$a11130$b40$c20180515$lBLL01$h1401
=FMT  \\$a  SE
=LAS  \\$a11130$b40$c20180515$lBLL01$h1401
=STA  \\$aSUPPRESSED$bISSN
=TCO  \\$aCLA$bCLA$c008

