=LDR  01011 as a22003258i 4500
=001  012910741
=003  Uk
=005  20170704141149.0
=008  040505c19949999enkuu\\\\\\\\\0\\\a0eng\\
=022  \\$a1355-7637$202
=040  \\$aUk$beng$cUk
=222  \0$aHigh road magazine
=245  00$aHigh road magazine.
=260  \\$aLondon :$bCharisma
=263  \\$a199409
=336  \\$atext$2rdacontent
=337  \\$aunmediated$2rdamedia
=338  \\$avolume$2rdacarrier
=985  \\$aSuppressed 27.06.2017. No evidence of publication.
=985  \\$aISSN record only. Please do not merge this record. Do not add items.
=CAT  \\$a9604$b40$c20040505$lTMP01$h1539
=CAT  \\$aEXLIBRIS$c20040606$lBLL01$h1133
=CAT  \\$a8870$b40$c20050205$lBLL01$h1110
=CAT  \\$a5466$b40$c20170627$lBLL01$h1228
=CAT  \\$a5466$b40$c20170627$lBLL01$h1304
=CAT  \\$a11130$b40$c20170704$lBLL01$h1411
=FMT  \\$a  SE
=LAS  \\$a11130$b40$c20170704$lBLL01$h1411
=STA  \\$aSUPPRESSED$bISSN
=TCO  \\$aCLA$bCLA$c008

