=LDR  00990cas a22003258a 4500
=001  012911050
=003  Uk
=005  20220905152731.0
=007  ta
=008  040506c19969999enkar\p\\\\\\\0\\\a0eng\\
=022  0\$a1362-5810$202
=040  \\$aUk$beng$cUk$erda
=222  \0$aCup final winners
=245  00$aCup final winners.
=263  \\$a199605
=264  \1$aWest Drayton :$bComag (LCD)
=336  \\$atext$2rdacontent
=337  \\$aunmediated$2rdamedia
=338  \\$avolume$2rdacarrier
=985  \\$aISSN Suppressed 05.09.2022. No evidence of publication.
=985  \\$aISSN record only. Please do not merge this record. Do not add items
=CAT  \\$a11194$b40$c20040506$lTMP01$h1024
=CAT  \\$aEXLIBRIS$c20040606$lBLL01$h1133
=CAT  \\$a11313$b40$c20211108$lBLL01$h1134
=CAT  \\$a5466D$b40$c20220905$lBLL01$h1527
=FMT  \\$a  SE
=LAS  \\$a5466D$b40$c20220905$lBLL01$h1527
=LET  \0$aCup final winners (Print)
=STA  \\$aSUPPRESSED$bISSN
=TCO  \\$aCLA$bCLA$c008

