=LDR  01044 as a22002898a 4500
=001  012911120
=003  Uk
=005  20070312143038.0
=008  040506c19839999enkfr\p\\\\\\\0\\\b0ger\\
=022  \\$a0265-1262$202
=040  \\$aUk$beng$cUk
=222  \0$aEuropean Transplant Coordinators Organizsation newsletter$b(German language ed.)
=245  00$aEuropean Transplant Coordinators Organization newsletter.
=260  \\$aChesterton, Cambridge :$bPeter Irving
=263  \\$a198307
=336  \\$atext$2rdacontent
=337  \\$aunmediated$2rdamedia
=338  \\$avolume$2rdacarrier
=710  2\$aEuropean Transplant Coordinators Organization.
=985  \\$aISSN UK Centre. Unable to obtain copy, possibly never published see also separate English language edition 12/3/07
=CAT  \\$a8201$b40$c20040506$lTMP01$h1110
=CAT  \\$aEXLIBRIS$c20040606$lBLL01$h1133
=CAT  \\$a11316$b40$c20070312$lBLL01$h1428
=CAT  \\$a11316$b40$c20070312$lBLL01$h1430
=FMT  \\$a  SE
=LAS  \\$a11316$b40$c20070312$lBLL01$h1430
=TCO  \\$aCLA$bCLA$c008

