=LDR  00972 as a22002898a 4500
=001  012911182
=003  Uk
=005  20210617160013.0
=008  040506c\\\\9999xxk\|\\\\\\\\\0\\\a0eng\\
=022  0\$a0017-7792$202
=040  \\$aUk$beng$cUk
=222  \0$aHarlequin
=245  00$aHarlequin.
=246  1\$aLeisure magazine
=336  \\$atext$2rdacontent
=337  \\$aunmediated$2rdamedia
=338  \\$avolume$2rdacarrier
=985  \\$aUlrich's
=985  \\$aISSN UK Centre: title identified incorrectly for Keepers by IC - this ISSN relates to publication of United Kingdom Atomic Energy? Needs further checking to upgrade (BL no stock). June 2021 DLW.
=CAT  \\$a8323$b40$c20040506$lTMP01$h1139
=CAT  \\$aEXLIBRIS$c20040606$lBLL01$h1133
=CAT  \\$a6537$b40$c20140318$lBLL01$h1021
=CAT  \\$a10973$b40$c20210617$lBLL01$h1559
=CAT  \\$a10973$b40$c20210617$lBLL01$h1600
=FMT  \\$a  SE
=LAS  \\$a10973$b40$c20210617$lBLL01$h1600
=TCO  \\$aCLA$bCLA$c008

