=LDR  00904cas a22003018a 4500
=001  012911229
=003  Uk
=005  20221018122807.0
=007  ta
=008  040506c19969999xxkar\p\\\\\\\0\\\a0eng\\
=022  0\$a1362-9263$202
=040  \\$aUk$beng$cUk
=222  \0$aEstates$b(Durban)
=245  00$aEstates.
=260  \\$bButterworths.$aDurban :
=336  \\$atext$2rdacontent
=337  \\$aunmediated$2rdamedia
=338  \\$avolume$2rdacarrier
=985  \\$aISSN Suppressed 18.10.2022. No evidence of publication
=985  \\$aISSN record only. Please do not merge this record. Do not add items
=CAT  \\$a3072$b40$c20040506$lTMP01$h1153
=CAT  \\$aEXLIBRIS$c20040606$lBLL01$h1133
=CAT  \\$a5466D$b40$c20221014$lBLL01$h1738
=CAT  \\$a5466D$b40$c20221018$lBLL01$h1228
=FMT  \\$a  SE
=LAS  \\$a5466D$b40$c20221018$lBLL01$h1228
=STA  \\$aSUPPRESSED$bISSN
=TCO  \\$aCLA$bCLA$c008

