=LDR  01000cas a22003378a 4500
=001  012911288
=003  Uk
=005  20230530142323.0
=006  m\\\\\\\\d\|\\\\\\
=007  cr||||||||||||
=008  040506c20039999enke|\\\s\\\\\0\\\a0eng\\
=022  0\$a1740-7532$202
=040  \\$aUk$beng$cUk
=222  \4$aThe golden handshake
=245  04$aThe golden handshake.
=260  \\$aMaidstone :$bA.Connors
=263  \\$a200305
=310  \\$aFortnightly
=336  \\$atext$2rdacontent
=337  \\$acomputer$2rdamedia
=338  \\$aonline resource$2rdacarrier
=985  \\$aISSN SUPPRESSED. No evidence of publication 30/05/23
=985  \\$aISSN record only. Do not merge. Do not add items.
=CAT  \\$a11313$b40$c20040506$lTMP01$h1250
=CAT  \\$aEXLIBRIS$c20040606$lBLL01$h1133
=CAT  \\$a6971$b40$c20071129$lBLL01$h0917
=CAT  \\$a15061$b40$c20230530$lBLL01$h1423
=FMT  \\$a  SE
=LAS  \\$a15061$b40$c20230530$lBLL01$h1423
=STA  \\$aSUPPRESSED$bISSN
=TCO  \\$aCLA$bCLA$c008

