=LDR  00868cas a22002898a 4500
=001  012911463
=003  Uk
=005  20220204135039.0
=007  ta
=008  040506c19959999xxkar\p\\\\\\\0\\\a0eng\\
=022  \\$a1358-5908$202
=040  \\$aUk$beng$cUk
=222  \0$aFormula 1 grand prix
=245  00$aFormula 1 grand prix.
=260  \\$aLondon :$bColorlink
=336  \\$atext$2rdacontent
=337  \\$aunmediated$2rdamedia
=338  \\$avolume$2rdacarrier
=985  \\$aISSN Suppressed 04.02.2022. No evidence of publication
=985  \\$aISSN record only. Please do not merge this record. Do not add items
=CAT  \\$aDAVID$b40$c20040506$lTMP01$h1411
=CAT  \\$aEXLIBRIS$c20040606$lBLL01$h1133
=CAT  \\$a5466D$b40$c20220204$lBLL01$h1350
=FMT  \\$a  SE
=LAS  \\$a5466D$b40$c20220204$lBLL01$h1350
=STA  \\$aSUPPRESSED$bISSN
=TCO  \\$aCLA$bCLA$c008

