=LDR  00960cas a22003258i 4500
=001  012913808
=003  Uk
=005  20221125124511.0
=007  ta
=008  040511c19979999stkdr\n\\\\\\\0\\\a0eng\\
=022  0\$a1368-3829$202
=040  \\$aUk$beng$cUk$erda
=222  \0$aEvening times$b(Glasgow. T4)
=245  00$aEvening times.
=263  \\$a199704
=264  \1$aGlasgow :$bCaledonian Newspapers
=310  \\$aDaily
=336  \\$atext$2rdacontent
=337  \\$aunmediated$2rdamedia
=338  \\$avolume$2rdacarrier
=985  \\$aISSN SUPPRESSED. No evidence of publication 20221125
=985  \\$aISSN record only. Do not merge. Do not add items.
=CAT  \\$a8201$b40$c20040511$lTMP01$h0927
=CAT  \\$aEXLIBRIS$c20040606$lBLL01$h1133
=CAT  \\$a11130$b40$c20150413$lBLL01$h0924
=CAT  \\$a15061$b40$c20221125$lBLL01$h1245
=FMT  \\$a  SE
=LAS  \\$a15061$b40$c20221125$lBLL01$h1245
=STA  \\$aSUPPRESSED$bISSN
=TCO  \\$aCLA$bCLA$c008

