=LDR  00996cas a22003258a 4500
=001  012914467
=003  Uk
=005  20220811103309.0
=007  ta
=008  040511c19959999enkar\p\\\\\\\0\\\a0eng\\
=022  0\$a1360-9904$202
=040  \\$aUk$beng$cUk$erda
=222  \0$aMauritius$b(Bath)
=245  00$aMauritius.$b(Tropical Island of Dreams)
=263  \\$a199511
=264  \1$aBath :$bParadise Publications Ltd
=310  \\$aAnnual
=336  \\$atext$2rdacontent
=337  \\$aunmediated$2rdamedia
=338  \\$avolume$2rdacarrier
=985  \\$aISSN Suppressed 11.08.2022. No evidence of publication
=985  \\$aISSN record only. Please do not merge this record. Do not add items
=CAT  \\$a8124$b40$c20040511$lTMP01$h1255
=CAT  \\$aEXLIBRIS$c20040606$lBLL01$h1133
=CAT  \\$a11130$b40$c20130809$lBLL01$h1457
=CAT  \\$a5466D$b40$c20220811$lBLL01$h1033
=FMT  \\$a  SE
=LAS  \\$a5466D$b40$c20220811$lBLL01$h1033
=STA  \\$aSUPPRESSED$bISSN
=TCO  \\$aCLA$bCLA$c008

