=LDR  00743cas a22002778a 4500
=001  012915529
=003  Uk
=005  20220721162522.0
=007  ta
=008  040512c19949999xxkuu\p\\\\\\\0\\\a0eng\\
=022  \\$a1357-3012$202
=040  \\$aUk$beng$cUk
=222  \0$aMessage$b(Qualify)
=245  00$aMessage.
=263  \\$a199404
=264  \1$a[Great Britain] :$b[publisher not identified]
=336  \\$atext$2rdacontent
=337  \\$aunmediated$2rdamedia
=338  \\$avolume$2rdacarrier
=985  \\$aNo ISSN file.
=CAT  \\$a9604$b40$c20040512$lTMP01$h0845
=CAT  \\$aEXLIBRIS$c20040606$lBLL01$h1133
=CAT  \\$a11205$b40$c20220721$lBLL01$h1625
=FMT  \\$a  SE
=LAS  \\$a11205$b40$c20220721$lBLL01$h1625
=TCO  \\$aCLA$bCLA$c008

