=LDR  03237cas a22007457a 4500
=001  012917644
=003  Uk
=005  20221231144529.0
=006  m\\\\\\\\d\|\\\\\\
=007  cr||||||||||||
=008  040517c20069999enkbr\p\s\\\\\0\\\a0eng\\
=040  \\$aUk$beng$cUk
=245  00$aLatin American and Caribbean ethnic studies$h[electronic resource].
=260  \\$aAbingdon$bRoutledge
=310  \\$aSemi-annual
=336  \\$atext$2rdacontent
=337  \\$acomputer$2rdamedia
=338  \\$aonline resource$2rdacarrier
=540  \\$aCurrent copyright fee: GBP37.00$c2\0$5Uk
=776  0\$tLatin American and Caribbean ethnic studies$c(Print)$x1744-2222
=856  \\$31850-9999$uhttp://www.tandfonline.com/$xBLDSS
=856  40$uhttp://www.tandf.co.uk/journals/titles/17442222.asp
=945  \\$aLatin American and Caribbean Ethnic Studies.
=979  \\$aBritish Library$bDSC$j5157.796850
=985  \\$aCataloguer note: this record could not be merged with 013357690 and then deleted as order attached to ADM record in BLL50. ISSN fields deleted to eliminate problem for ISSN Portal.
=ACF  \\$aPrevious copyright fee: GBP25.00$c2\0$e17-feb-2015$fGBP25.00$g0$hP$5Uk
=ACF  \\$aPrevious copyright fee: GBP26.00$c2\0$e01-jan-2016$fGBP26.00$g0$hP$5Uk
=ACF  \\$aPrevious copyright fee: GBP28.00$c2\0$e01-jan-2017$fGBP28.00$g0$hP$5Uk
=ACF  \\$aPrevious copyright fee: GBP30.00$c2\0$e01-jan-2018$fGBP30.00$g0$hP$5Uk
=ACF  \\$aPrevious copyright fee: GBP32.00$c2\0$e01-jan-2019$fGBP32.00$g0$hP$5Uk
=ACF  \\$aPrevious copyright fee: GBP34.00$c2\0$e01-jan-2020$fGBP34.00$g0$hP$5Uk
=CAT  \\$a11194$b40$c20040517$lTMP01$h0938
=CAT  \\$a6537$b40$c20060608$lBLL01$h1231
=CAT  \\$a8874$b40$c20081124$lBLL01$h0915
=CAT  \\$aBATCH$b00$c20081124$lBLL01$h1131
=CAT  \\$a5552$b40$c20150217$lBLL01$h1440
=CAT  \\$aBLDSS-3PM$b00$c20150513$lBLL01$h0806
=CAT  \\$aBATCH-UPD$b00$c20151119$lBLL01$h1543
=CAT  \\$aIPL-CLA$c20151231$lBLL01$h1920
=CAT  \\$a11315$b40$c20160216$lBLL01$h1425
=CAT  \\$a11315$b40$c20160216$lBLL01$h1434
=CAT  \\$a11315$b40$c20160223$lBLL01$h0852
=CAT  \\$aBATCH-UPD$b40$c20160413$lBLL01$h1818
=CAT  \\$aBATCH-UPD$b40$c20161122$lBLL01$h1512
=CAT  \\$aBATCH-UPD$b40$c20161122$lBLL01$h1611
=CAT  \\$aIPL-CLA$c20161230$lBLL01$h2124
=CAT  \\$a5552$b40$c20170330$lBLL01$h1326
=CAT  \\$aBATCH-UPD$b40$c20171121$lBLL01$h1647
=CAT  \\$aIPL-CLA$c20171231$lBLL01$h1631
=CAT  \\$aBATCH-UPD$b00$c20181217$lBLL01$h1638
=CAT  \\$aIPL-CLA$c20181231$lBLL01$h1540
=CAT  \\$aBATCH-UPD$b00$c20191122$lBLL01$h1900
=CAT  \\$aIPL-CLA$c20191231$lBLL01$h1927
=CAT  \\$aBATCH-UPD$b00$c20201118$lBLL01$h1333
=CAT  \\$aIPL-CLA$c20201231$lBLL01$h1528
=CAT  \\$aBATCH-UPD$b00$c20221121$lBLL01$h1346
=CAT  \\$aIPL-CLA$c20221231$lBLL01$h1445
=CFI  0\$aCurrent copyright fee: GBP37.00$c2\0$e01-jan-2023$fGBP37.00$g0$hP$5Uk
=CFI  2\$aPrevious copyright fee: GBP35.00$c2\0$e01-jan-2021$fGBP35.00$g0$hP$5Uk
=FFP  \\$aY$bBLDSS-3PM
=FIN  \\$aY$d20060608
=FMT  \\$a  SE
=LAS  \\$aIPL-CLA$b00$c20221231$lBLL01$h1445
=TCO  \\$aCLA$bCLA$c008
=TOC  \\$aETOC

