=LDR  00944 as a22003138a 4500
=001  012917965
=003  Uk
=005  20210308153048.0
=007  ta
=008  040517c19939999enkuu\p\\\\\\\0\\\a0eng\\
=022  0\$a1350-570X$202
=040  \\$aUk$beng$cUk
=222  \0$aOut & about in Wiltshire
=245  00$aOut & about in Wiltshire.
=260  \\$aCrawley :$bZero
=263  \\$a199307
=336  \\$atext$2rdacontent
=337  \\$aunmediated$2rdamedia
=338  \\$avolume$2rdacarrier
=985  \\$aISSN Suppressed 08.03.2021. No evidence of publication.
=985  \\$aISSN record only. Please do not merge this record. Do not add items.
=CAT  \\$a8323$b40$c20040517$lTMP01$h1314
=CAT  \\$aEXLIBRIS$c20040606$lBLL01$h1134
=CAT  \\$a6971$b40$c20070919$lBLL01$h0915
=CAT  \\$a5466D$b40$c20210308$lBLL01$h1530
=FMT  \\$a  SE
=LAS  \\$a5466D$b40$c20210308$lBLL01$h1530
=STA  \\$aSUPPRESSED$bISSN
=TCO  \\$aCLA$bCLA$c008

