=LDR  00770 as a22002658a 4500
=001  012918053
=003  Uk
=005  20140317143319.0
=008  040517c\\\\9999xxk\|\\\\\\\\\0\\\a0eng\\
=022  0\$a0073-9332$202
=040  \\$aUk$beng$cUk
=222  \0$aOverseas geology and mineral resources
=245  00$aOverseas geology and mineral resources.
=336  \\$atext$2rdacontent
=337  \\$aunmediated$2rdamedia
=338  \\$avolume$2rdacarrier
=985  \\$aUlrich's.
=985  \\$aSee ISSN 0030-7467
=CAT  \\$a8323$b40$c20040517$lTMP01$h1350
=CAT  \\$aEXLIBRIS$c20040606$lBLL01$h1134
=CAT  \\$a6537$b40$c20140317$lBLL01$h1433
=FMT  \\$a  SE
=LAS  \\$a6537$b40$c20140317$lBLL01$h1433
=STA  \\$aSUPPRESSED$bPreliminary record
=TCO  \\$aCLA$bCLA$c008

