=LDR  00995 as a22003138i 4500
=001  012918276
=003  Uk
=005  20200915110901.0
=007  ta
=008  040517c19949999enkar\p\\\\\\\0\\\a0eng\\
=022  0\$a1356-5931$202
=040  \\$aUk$beng$cUk$erda
=222  \0$aPersonal health check with the Health Education Authority
=245  00$aPersonal health check with the Health Education Authority.
=263  \\$a199411
=264  \1$aBournemouth :$bSouthbourne Publishing Ltd
=310  \\$aAnnual
=336  \\$atext$2rdacontent
=337  \\$aunmediated$2rdamedia
=338  \\$avolume$2rdacarrier
=985  \\$aISSN suppressed 15.09.20. No evidence of publication.
=985  \\$aISSN record only. Do not merge. Do not add items.
=CAT  \\$a6537$b40$c20040517$lTMP01$h1546
=CAT  \\$aEXLIBRIS$c20040606$lBLL01$h1134
=CAT  \\$a11130$b40$c20200915$lBLL01$h1109
=FMT  \\$a  SE
=LAS  \\$a11130$b40$c20200915$lBLL01$h1109
=STA  \\$aSUPPRESSED$bISSN
=TCO  \\$aCLA$bCLA$c008

