=LDR  00870 as a22002778a 4500
=001  012918913
=003  Uk
=005  20140317134117.0
=008  040518c\\\\9999xxk\|\\\\\\\\\0\\\a0eng\\
=022  0\$a0072-5692$202
=040  \\$aUk$beng$cUk
=222  \0$aParticulars of dealers in securities and of trust units$b(Board of Trade)
=245  00$aParticulars of dealers in securities and of trust units.
=336  \\$atext$2rdacontent
=337  \\$aunmediated$2rdamedia
=338  \\$avolume$2rdacarrier
=985  \\$aUlrich's.
=985  \\$aSee ISSN 0308-2539
=CAT  \\$a8323$b40$c20040518$lTMP01$h1257
=CAT  \\$aEXLIBRIS$c20040606$lBLL01$h1134
=CAT  \\$a6537$b40$c20140317$lBLL01$h1340
=CAT  \\$a6537$b40$c20140317$lBLL01$h1341
=FMT  \\$a  SE
=LAS  \\$a6537$b40$c20140317$lBLL01$h1341
=STA  \\$aSUPPRESSED$bPreliminary record
=TCO  \\$aCLA$bCLA$c008

