=LDR  00902cas a22003138a 4500
=001  012919717
=003  Uk
=005  20220519120445.0
=007  ta
=008  040519c20019999enkm|\\\\\\\\\0\\\a0eng\\
=022  0\$a1473-4974$202
=040  \\$aUk$beng$cUk
=222  \0$aPhotography magazine
=245  00$aPhotography magazine.
=260  \\$aSaffron Walden :$bMarket Link Publishing
=263  \\$a200104
=310  \\$aMonthly
=336  \\$atext$2rdacontent
=337  \\$aunmediated$2rdamedia
=338  \\$avolume$2rdacarrier
=985  \\$aISSN suppressed: 19.05.22. Double assignment, see 1473-4966
=CAT  \\$a6537$b40$c20040519$lTMP01$h0823
=CAT  \\$aEXLIBRIS$c20040606$lBLL01$h1134
=CAT  \\$a6971$b40$c20080220$lBLL01$h1347
=CAT  \\$a8323$b40$c20220519$lBLL01$h1204
=FMT  \\$a  SE
=LAS  \\$a8323$b40$c20220519$lBLL01$h1204
=STA  \\$aSUPPRESSED$bISSN
=TCO  \\$aCLA$bCLA$c008

