=LDR  00954cas a22003258a 4500
=001  012919813
=003  Uk
=005  20221024130346.0
=007  ta
=008  040519c19949999enkmr\p\\\\\\\0\\\a0eng\\
=022  0\$a1356-3521$202
=040  \\$aUk$beng$cUk$erda
=222  \0$aPC games CD
=245  00$aPC games CD.
=263  \\$a199411
=264  \1$aPeterborough :$bFrontline
=310  \\$aMonthly
=336  \\$atext$2rdacontent
=337  \\$aunmediated$2rdamedia
=338  \\$avolume$2rdacarrier
=985  \\$aISSN UK Centre: no publisher info in file. Distributor details added to 264.
=985  \\$aISSN Suppressed 24.10.22 - no copy received.
=985  \\$aISSN RECORD ONLY. DO NOT MERGE.
=CAT  \\$a8323$b40$c20040519$lTMP01$h0909
=CAT  \\$aEXLIBRIS$c20040606$lBLL01$h1134
=CAT  \\$a10973$b40$c20221024$lBLL01$h1303
=FMT  \\$a  SE
=LAS  \\$a10973$b40$c20221024$lBLL01$h1303
=STA  \\$aSUPPRESSED$bISSN
=TCO  \\$aCLA$bCLA$c008

