=LDR  00922cas a22003258a 4500
=001  012919830
=003  Uk
=005  20230615122759.0
=007  ta
=008  040519c20029999enka|\\\\\\\\\0\\\a0eng\\
=022  0\$a1477-4771$202
=040  \\$aUk$beng$cUk
=222  \0$aNoir$b(Qualify)
=245  00$aNoir.
=260  \\$aLondon :$bNK Visions
=263  \\$a200210
=310  \\$aAnnual
=336  \\$atext$2rdacontent
=337  \\$aunmediated$2rdamedia
=338  \\$avolume$2rdacarrier
=985  \\$aISSN SUPPRESSED. No evidence of publication 15/06/23
=985  \\$aISSN record only. Do not merge. Do not add items.
=CAT  \\$a11313$b40$c20040519$lTMP01$h0916
=CAT  \\$aEXLIBRIS$c20040606$lBLL01$h1134
=CAT  \\$a6971$b40$c20080122$lBLL01$h1712
=CAT  \\$a15061$b40$c20230615$lBLL01$h1227
=FMT  \\$a  SE
=LAS  \\$a15061$b40$c20230615$lBLL01$h1227
=STA  \\$aSUPPRESSED$bISSN
=TCO  \\$aCLA$bCLA$c008

