=LDR  01006cas a22003258a 4500
=001  012920188
=003  Uk
=005  20221107140316.0
=007  ta
=008  040519c19959999enk\x\p\\\\\\\0\\\a0eng\\
=022  0\$a1359-2300$202
=040  \\$aUk$beng$cUk
=222  \0$aNorthern echo special publication
=245  00$aNorthern echo special publication.
=263  \\$a199505
=264  \1$aDarlington :$bNorth of England Newspapers
=336  \\$atext$2rdacontent
=337  \\$aunmediated$2rdamedia
=338  \\$avolume$2rdacarrier
=985  \\$aISSN UK Centre: ISSN Suppressed 7/11/22. Copy not received.
=985  \\$aISSN RECORD ONLY. Do not merge.
=CAT  \\$a11313$b40$c20040519$lTMP01$h1313
=CAT  \\$aEXLIBRIS$c20040606$lBLL01$h1134
=CAT  \\$a11205$b40$c20211216$lBLL01$h1211
=CAT  \\$a10973$b40$c20221107$lBLL01$h1402
=CAT  \\$a10973$b40$c20221107$lBLL01$h1403
=FMT  \\$a  SE
=LAS  \\$a10973$b40$c20221107$lBLL01$h1403
=STA  \\$aSUPPRESSED$bISSN
=TCO  \\$aCLA$bCLA$c008

