=LDR  00989cas a22003258a 4500
=001  012920473
=003  Uk
=005  20221011152448.0
=007  ta
=008  040519c19969999xxkuu\p\\\\\\\0\\\a0eng\\
=022  0\$a1362-7899$202
=040  \\$aUk$beng$cUk
=222  \0$aPsychology on-line
=245  00$aPsychology on-line.
=260  \\$aHove :$bPsychology Press
=263  \\$a199603
=336  \\$atext$2rdacontent
=337  \\$aunmediated$2rdamedia
=338  \\$avolume$2rdacarrier
=985  \\$aISSN Suppressed 11.10.2022. No evidence of publication
=985  \\$aISSN record only. Please do not merge this record. Do not add items
=CAT  \\$a8124$b40$c20040519$lTMP01$h1443
=CAT  \\$aEXLIBRIS$c20040606$lBLL01$h1134
=CAT  \\$a11205$b40$c20220216$lBLL01$h1417
=CAT  \\$a11205$b40$c20220301$lBLL01$h1342
=CAT  \\$a5466D$b40$c20221011$lBLL01$h1524
=FMT  \\$a  SE
=LAS  \\$a5466D$b40$c20221011$lBLL01$h1524
=STA  \\$aSUPPRESSED$bISSN
=TCO  \\$aCLA$bCLA$c008

