=LDR  01078 as a22003138a 4500
=001  012920489
=003  Uk
=005  20080128120718.0
=007  ta
=008  040519c19939999enk\x\\\\\\\\\0\\\a0eng\\
=022  0\$a1352-0180$202
=040  \\$aUk$beng$cUk
=222  \0$aInternational directory of new and renewable energy information sources and research centres
=245  00$aInternational directory of new and renewable energy information sources and research centres.
=260  \\$aLondon :$bJames & James Science
=310  \\$aIrregular
=336  \\$atext$2rdacontent
=337  \\$aunmediated$2rdamedia
=338  \\$avolume$2rdacarrier
=985  \\$aISSN suppressed 28.01.08. Double assignment with ISSN 0255-0059
=985  \\$aPlease do not merge this record
=CAT  \\$a8483$b40$c20040519$lTMP01$h1449
=CAT  \\$aEXLIBRIS$c20040606$lBLL01$h1134
=CAT  \\$a6537$b40$c20080128$lBLL01$h1207
=CAT  \\$aBATCH-UPD$b40$c20121030$lBLL01$h1627
=FMT  \\$a  SE
=LAS  \\$aBATCH-UPD$b40$c20121030$lBLL01$h1627
=STA  \\$aSUPPRESSED$bISSN
=TCO  \\$aCLA$bCLA$c008

