=LDR  00976cas a22003138a 4500
=001  012921280
=003  Uk
=005  20221107140935.0
=007  ta
=008  040520c199u9999xxkuu\p\\\\\\\0\\\a0eng\\
=022  \\$a1359-3072$202
=040  \\$aUk$beng$cUk
=222  \0$aLion king special
=245  00$aLion king special.
=263  \\$a199506
=264  \1$a[Place of publication not identified] :$b[publisher not identified]
=336  \\$atext$2rdacontent
=337  \\$aunmediated$2rdamedia
=338  \\$avolume$2rdacarrier
=985  \\$aISSN Suppressed 7/11/22. No copy received.
=985  \\$aISSN record only. Do not merge.
=985  \\$aISSN UK Centre: no publishing information in pre-pub file. 263/264 unknown.
=CAT  \\$a7236$b40$c20040520$lTMP01$h1627
=CAT  \\$aEXLIBRIS$c20040606$lBLL01$h1134
=CAT  \\$a10973$b40$c20221107$lBLL01$h1409
=FMT  \\$a  SE
=LAS  \\$a10973$b40$c20221107$lBLL01$h1409
=STA  \\$aSUPPRESSED$bISSN
=TCO  \\$aCLA$bCLA$c008

