=LDR  01005cas a22003258a 4500
=001  012922852
=003  Uk
=005  20220201125327.0
=007  ta
=008  040524c19969999xxkuu\p\\\\\\\0\\\a0eng\\
=022  \\$a1358-3239$202
=040  \\$aUk$beng$cUk
=222  \0$aRugby quarterly
=245  00$aRugby quarterly
=263  \\$a199606
=264  \1$a[Place of publication not identified] :$bLooklern
=336  \\$atext$2rdacontent
=337  \\$aunmediated$2rdamedia
=338  \\$avolume$2rdacarrier
=985  \\$aISSN Suppressed 01.02.2022. No evidence of publication
=985  \\$aISSN record only. Please do not merge this record. Do not add items
=985  \\$aPublisher possibley 'Lookturn'
=CAT  \\$a9604$b40$c20040524$lTMP01$h1506
=CAT  \\$aEXLIBRIS$c20040606$lBLL01$h1134
=CAT  \\$a11205$b40$c20220112$lBLL01$h1502
=CAT  \\$a5466D$b40$c20220201$lBLL01$h1253
=FMT  \\$a  SE
=LAS  \\$a5466D$b40$c20220201$lBLL01$h1253
=STA  \\$aSUPPRESSED$bISSN
=TCO  \\$aCLA$bCLA$c008

