=LDR  00716 as a22002538a 4500
=001  012923080
=003  Uk
=005  20040524163533.0
=008  040524c\\\\9999xxk\|\\\\\\\\\0\\\a0eng\\
=022  \\$a0959-4353$202
=040  \\$aUk$beng$cUk
=222  \0$aFashion magazine
=245  00$aFashion magazine.
=336  \\$atext$2rdacontent
=337  \\$aunmediated$2rdamedia
=338  \\$avolume$2rdacarrier
=985  \\$aISSN suppressed 19/11/91 Not published
=CAT  \\$a2941$b40$c20040524$lTMP01$h1635
=CAT  \\$aEXLIBRIS$c20040606$lBLL01$h1134
=CAT  \\$aBATCH-UPD$b00$c20121030$lBLL01$h1627
=FMT  \\$a  SE
=LAS  \\$aBATCH-UPD$b00$c20121030$lBLL01$h1627
=STA  \\$aSUPPRESSED$bISSN
=TCO  \\$aCLA$bCLA$c008

