=LDR  01125 as a22003618a 4500
=001  012923369
=003  Uk
=005  20210603151312.0
=007  ta
=008  040525c19939999enkmr\p\\\\\\\0\\\a0eng\\
=022  0\$a1351-7902$202
=040  \\$aUk$beng$cUk
=222  \0$aStar!$b(Qualify. London)
=245  00$aStar!
=260  \\$aLondon :$b[Newsagents Direct Distribution]
=263  \\$a199309
=310  \\$aMonthly
=336  \\$atext$2rdacontent
=337  \\$aunmediated$2rdamedia
=338  \\$avolume$2rdacarrier
=985  \\$aCheck qualifier in 222 on completion
=985  \\$aISSN Suppressed 03.06.2021. No evidence of publication.
=985  \\$aISSN record only. Please do not merge this record. Do not add items.
=CAT  \\$aDAVID$b40$c20040525$lTMP01$h0939
=CAT  \\$aEXLIBRIS$c20040606$lBLL01$h1134
=CAT  \\$a6971$b40$c20071015$lBLL01$h1611
=CAT  \\$aISSN$b40$c20080829$lBLL01$h1503
=CAT  \\$aISSN$b40$c20080901$lBLL01$h1348
=CAT  \\$a5466D$b40$c20210603$lBLL01$h1513
=FMT  \\$a  SE
=LAS  \\$a5466D$b40$c20210603$lBLL01$h1513
=STA  \\$aSUPPRESSED$bISSN
=TCO  \\$aCLA$bCLA$c008

