=LDR  00977cas a22003258a 4500
=001  012923608
=003  Uk
=005  20220715080423.0
=007  ta
=008  040525c19969999xxkbr\p\\\\\\\0\\\a0eng\\
=022  \\$a1361-942X$202
=040  \\$aUk$beng$cUk
=222  \0$aRed hot$b(Redhill)
=245  00$aRed hot.
=263  \\$a199601
=264  \1$aRedhill :$bIdeamatch Ltd
=336  \\$atext$2rdacontent
=337  \\$aunmediated$2rdamedia
=338  \\$avolume$2rdacarrier
=985  \\$aISSN Suppressed 15.07.2022. No evidence of publication
=985  \\$aISSN record only. Please do not merge this record. Do not add items
=CAT  \\$a8201$b40$c20040525$lTMP01$h1103
=CAT  \\$aEXLIBRIS$c20040606$lBLL01$h1134
=CAT  \\$a11205$b40$c20220223$lBLL01$h1142
=CAT  \\$a7152$b40$c20220304$lBLL01$h1244
=CAT  \\$a5466D$b40$c20220715$lBLL01$h0804
=FMT  \\$a  SE
=LAS  \\$a5466D$b40$c20220715$lBLL01$h0804
=STA  \\$aSUPPRESSED$bISSN
=TCO  \\$aCLA$bCLA$c008

