=LDR  00949cas a22003258a 4500
=001  012923838
=003  Uk
=005  20220708142309.0
=007  ta
=008  040525c19969999xxkwr\p\\\\\\\0\\\a0eng\\
=022  \\$a1361-7117$202
=040  \\$aUk$beng$cUk
=222  \0$aToday's news
=245  00$aToday's news
=263  \\$a199701
=264  \1$aWalsall :$bTodays News
=310  \\$aWeekly
=336  \\$atext$2rdacontent
=337  \\$aunmediated$2rdamedia
=338  \\$avolume$2rdacarrier
=985  \\$aISSN Suppressed 08.07.2022. No evidence of publication
=985  \\$aISSN record only. Please do not merge this record. Do not add items
=CAT  \\$a11194$b40$c20040525$lTMP01$h1221
=CAT  \\$aEXLIBRIS$c20040606$lBLL01$h1134
=CAT  \\$a11205$b40$c20220224$lBLL01$h1551
=CAT  \\$a5466D$b40$c20220708$lBLL01$h1423
=FMT  \\$a  SE
=LAS  \\$a5466D$b40$c20220708$lBLL01$h1423
=STA  \\$aSUPPRESSED$bISSN
=TCO  \\$aCLA$bCLA$c008

