=LDR  00664 as a22002418a 4500
=001  012924172
=003  Uk
=005  20160708110835.0
=008  040525c\\\\9999xxk\|\\\\\\\\\0\\\a0eng\\
=022  0\$a1471-1931
=040  \\$aUk$beng$cUk
=222  \0$aTrends guide
=245  00$aTrends guide.
=336  \\$atext$2rdacontent
=337  \\$aunmediated$2rdamedia
=338  \\$avolume$2rdacarrier
=985  \\$aTransferred to Netherlands ISSN Centre.
=CAT  \\$a8124$b40$c20040525$lTMP01$h1412
=CAT  \\$aEXLIBRIS$c20040606$lBLL01$h1134
=CAT  \\$a10973$b40$c20160708$lBLL01$h1108
=FMT  \\$a  SE
=LAS  \\$a10973$b40$c20160708$lBLL01$h1108
=TCO  \\$aCLA$bCLA$c008

