=LDR  01003cas a22003258a 4500
=001  012924297
=003  Uk
=005  20220711144807.0
=007  ta
=008  040525c19959999enkgr\p\\\\\\\0\\\a0eng\\
=022  0\$a1360-4139$202
=040  \\$aUk$beng$cUk$erda
=222  \0$aTelemark ports handbook
=245  00$aTelemark ports handbook.
=263  \\$a199508
=264  \1$aColchester :$bLand and Marine Publications Ltd
=310  \\$aBiennial
=336  \\$atext$2rdacontent
=337  \\$aunmediated$2rdamedia
=338  \\$avolume$2rdacarrier
=985  \\$aISSN Suppressed 11.07.2022. No evidence of publication
=985  \\$aISSN record only. Please do not merge this record. Do not add items
=CAT  \\$a11439$b40$c20040525$lTMP01$h1438
=CAT  \\$aEXLIBRIS$c20040606$lBLL01$h1134
=CAT  \\$a11130$b40$c20130611$lBLL01$h1528
=CAT  \\$a5466D$b40$c20220711$lBLL01$h1448
=FMT  \\$a  SE
=LAS  \\$a5466D$b40$c20220711$lBLL01$h1448
=STA  \\$aSUPPRESSED$bISSN
=TCO  \\$aCLA$bCLA$c008

