=LDR  00939cas a22003138a 4500
=001  012925807
=003  Uk
=005  20220722113941.0
=007  ta
=008  040526c19969999enkuu\p\\\\\\\0\\\a0eng\\
=022  \\$a1362-1084$202
=040  \\$aUk$beng$cUk
=222  \0$aViewmaster$b(Qualify)
=245  00$aViewmaster.
=263  \\$a199604
=264  31$aLondon :$bAlmedic Publishing
=336  \\$atext$2rdacontent
=337  \\$aunmediated$2rdamedia
=338  \\$avolume$2rdacarrier
=985  \\$aISSN Suppressed 22.07.2022. No evidence of publication
=985  \\$aISSN record only. Please do not merge this record. Do not add items
=CAT  \\$a6537$b40$c20040526$lTMP01$h1534
=CAT  \\$aEXLIBRIS$c20040606$lBLL01$h1134
=CAT  \\$a11205$b40$c20211006$lBLL01$h1418
=CAT  \\$a5466D$b40$c20220722$lBLL01$h1139
=FMT  \\$a  SE
=LAS  \\$a5466D$b40$c20220722$lBLL01$h1139
=STA  \\$aSUPPRESSED$bISSN
=TCO  \\$aCLA$bCLA$c008

