=LDR  01029 as a22003498a 4500
=001  012925875
=003  Uk
=005  20090622112544.0
=007  ta
=008  040526d19931993enkwr\p\\\\\\\0\\\a0eng\\
=022  0\$a0968-3925$202
=040  \\$aUk$beng$cUk
=130  0\$aTV quick (Wales)
=222  \0$aTV quick. Wales
=245  10$aTV quick.
=250  \\$aWales [ed.]
=260  \\$aLondon :$bH. Bauer
=263  \\$a199301
=310  \\$aWeekly
=336  \\$atext$2rdacontent
=337  \\$aunmediated$2rdamedia
=338  \\$avolume$2rdacarrier
=985  \\$aISSN UK Centre - became TV quick. HTV in Jan 93 after 2 issues. No copies seen, unable to complete ISSN. sf 7/9/07
=CAT  \\$a8124$b40$c20040526$lTMP01$h1608
=CAT  \\$aEXLIBRIS$c20040606$lBLL01$h1134
=CAT  \\$a11316$b40$c20070907$lBLL01$h1407
=CAT  \\$a11316$b40$c20070907$lBLL01$h1540
=CAT  \\$a10932$b40$c20090622$lBLL01$h1125
=FMT  \\$a  SE
=LAS  \\$a10932$b40$c20090622$lBLL01$h1125
=LET  \0$aTV quick. Wales
=TCO  \\$aCLA$bCLA$c008

