=LDR  00936cas a22003138a 4500
=001  012925920
=003  Uk
=005  20220822134243.0
=007  ta
=008  040525c199u9999enkuu\p\\\\\\\0\\\a0eng\\
=022  \\$a1361-276X$202
=040  \\$aUk$beng$cUk
=222  \0$aVirtual city
=245  00$aVirtual city.
=260  \\$aLondon :$bEssential Internet Ltd
=263  \\$a199605
=336  \\$atext$2rdacontent
=337  \\$aunmediated$2rdamedia
=338  \\$avolume$2rdacarrier
=985  \\$aISSN Suppressed 22.08.2022. No evidence of publication
=985  \\$aISSN record only. Please do not merge this record. Do not add items
=CAT  \\$a6537$b40$c20040527$lTMP01$h0745
=CAT  \\$aEXLIBRIS$c20040606$lBLL01$h1134
=CAT  \\$a11205$b40$c20211007$lBLL01$h1556
=CAT  \\$a5466D$b40$c20220822$lBLL01$h1342
=FMT  \\$a  SE
=LAS  \\$a5466D$b40$c20220822$lBLL01$h1342
=STA  \\$aSUPPRESSED$bISSN
=TCO  \\$aCLA$bCLA$c008

