=LDR  01045cas a22003378a 4500
=001  012926073
=003  Uk
=005  20220902121635.0
=007  ta
=008  040527c199u9999xxkuu\p\\\\\\\0\\\a0eng\\
=022  \\$a1362-2447$202
=040  \\$aUk$beng$cUk
=222  \0$aVox$b(Qualify)
=245  00$aVox
=260  \\$a[Dorchester] :$bDorset Coalition of Disabled People
=263  \\$a199604
=336  \\$atext$2rdacontent
=337  \\$aunmediated$2rdamedia
=338  \\$avolume$2rdacarrier
=985  \\$aISSN Suppressed 02.09.2022. No evidence of publication
=985  \\$aISSN record only. Please do not merge this record. Do not add items
=CAT  \\$a6537$b40$c20040527$lTMP01$h0907
=CAT  \\$aEXLIBRIS$c20040606$lBLL01$h1134
=CAT  \\$a11205$b40$c20211013$lBLL01$h1118
=CAT  \\$a11205$b40$c20211013$lBLL01$h1126
=CAT  \\$a11205$b40$c20211013$lBLL01$h1144
=CAT  \\$a5466D$b40$c20220902$lBLL01$h1216
=FMT  \\$a  SE
=LAS  \\$a5466D$b40$c20220902$lBLL01$h1216
=STA  \\$aSUPPRESSED$bISSN
=TCO  \\$aCLA$bCLA$c008

