=LDR  00846cas a22002778a 4500
=001  012927256
=003  Uk
=005  20220711142135.0
=007  ta
=008  040528c19uu9999xxkuu\p\\\\\\\0\\\a0eng\\
=022  0\$a0954-5603$202
=040  \\$aUk$beng$cUk$erda
=222  \0$aTime in
=245  00$aTime in.
=263  \\$a199901
=264  \1$a[Place of publication not identified] :$b[publisher not identified]
=336  \\$atext$2rdacontent
=337  \\$aunmediated$2rdamedia
=338  \\$avolume$2rdacarrier
=985  \\$aISSN UK Centre: record upgraded to send to Portal, no file - publisher/publication details unknown.
=CAT  \\$a11439$b40$c20040528$lTMP01$h1119
=CAT  \\$aEXLIBRIS$c20040606$lBLL01$h1135
=CAT  \\$a10973$b40$c20220711$lBLL01$h1421
=FMT  \\$a  SE
=LAS  \\$a10973$b40$c20220711$lBLL01$h1421
=TCO  \\$aCLA$bCLA$c008

