=LDR  00968 as a22003018a 4500
=001  012927290
=003  Uk
=005  20091008115232.0
=007  ta
=008  040528c20009999enkw|\\\\\\\\\0\\\a0eng\\
=022  0\$a1470-2827$202
=040  \\$aUk$beng$cUk
=222  \0$aWhitby gazette$b(Mid-week edition)
=245  00$aWhitby gazette (Mid-week ed).
=260  \\$aScarborough :$bYorkshire Regional Newspapers
=263  \\$a200004
=310  \\$aWeekly
=336  \\$atext$2rdacontent
=337  \\$aunmediated$2rdamedia
=338  \\$avolume$2rdacarrier
=985  \\$aISSN TITLE CHANGE SEQUENCE DOES NOT MATCH NPL RECORDS - DO NOT MERGE. This ISSN is used on "Friday ed." - 14 Aug 2009 issue seen, MB.
=CAT  \\$a8323$b40$c20040528$lTMP01$h1130
=CAT  \\$aEXLIBRIS$c20040606$lBLL01$h1135
=CAT  \\$a6971$b40$c20080318$lBLL01$h0935
=CAT  \\$a8128$b40$c20091008$lBLL01$h1152
=FMT  \\$a  SE
=LAS  \\$a8128$b40$c20091008$lBLL01$h1152
=TCO  \\$aCLA$bCLA$c008

