=LDR  00972cas a22003258a 4500
=001  012927317
=003  Uk
=005  20220929152210.0
=007  ta
=008  040528c19969999enkqr\p\\\\\\\0\\\a0eng\\
=022  \\$a1362-8453$202
=040  \\$aUk$beng$cUk
=222  \0$aUp 2 U$b(Qualify)
=245  00$aUp 2 U
=263  \\$a199606
=264  \1$aRedhill :$bKeesing UK
=336  \\$atext$2rdacontent
=337  \\$aunmediated$2rdamedia
=338  \\$avolume$2rdacarrier
=985  \\$aISSN Suppressed 29.09.2022. No evidence of publication
=985  \\$aISSN record only. Please do not merge this record. Do not add items
=CAT  \\$a9604$b40$c20040528$lTMP01$h1140
=CAT  \\$aEXLIBRIS$c20040606$lBLL01$h1135
=CAT  \\$a11205$b40$c20211109$lBLL01$h1423
=CAT  \\$a10973$b40$c20211112$lBLL01$h1605
=CAT  \\$a5466D$b40$c20220929$lBLL01$h1522
=FMT  \\$a  SE
=LAS  \\$a5466D$b40$c20220929$lBLL01$h1522
=STA  \\$aSUPPRESSED$bISSN
=TCO  \\$aCLA$bCLA$c008

