=LDR  00963cas a22003258a 4500
=001  012927549
=003  Uk
=005  20220715091801.0
=007  ta
=008  040528c19969999enkfr\p\\\\\\\0\\\a0eng\\
=022  \\$a1361-9853$202
=040  \\$aUk$beng$cUk
=222  \0$aVacationer$b(Qualify)
=245  00$aVacationer
=263  \\$a199605
=264  \1$aCaterham :$bThe Vacationer
=310  \\$aSemiannual
=336  \\$atext$2rdacontent
=337  \\$aunmediated$2rdamedia
=338  \\$avolume$2rdacarrier
=985  \\$aISSN Suppressed 15.07.2022. No evidence of publication
=985  \\$aISSN record only. Please do not merge this record. Do not add items
=CAT  \\$a9604$b40$c20040528$lTMP01$h1406
=CAT  \\$aEXLIBRIS$c20040606$lBLL01$h1135
=CAT  \\$a11205$b40$c20211110$lBLL01$h1616
=CAT  \\$a5466D$b40$c20220715$lBLL01$h0918
=FMT  \\$a  SE
=LAS  \\$a5466D$b40$c20220715$lBLL01$h0918
=STA  \\$aSUPPRESSED$bISSN
=TCO  \\$aCLA$bCLA$c008

