=LDR  00927cas a22003138a 4500
=001  012927777
=003  Uk
=005  20220207125233.0
=007  ta
=008  040601c19959999enkuu\p\\\\\\\0\\\a0eng\\
=022  \\$a1358-4537$202
=040  \\$aUk$beng$cUk
=222  \0$aVE day$b(Qualify)
=245  00$aVE day
=260  \\$a[Leeds] :$bYorkshire Post
=263  \\$a199504
=336  \\$atext$2rdacontent
=337  \\$aunmediated$2rdamedia
=338  \\$avolume$2rdacarrier
=985  \\$aISSN Suppressed 07.02.2022. No evidence of publication
=985  \\$aISSN record only. Please do not merge this record. Do not add items
=CAT  \\$a9604$b40$c20040601$lTMP01$h0901
=CAT  \\$aEXLIBRIS$c20040606$lBLL01$h1135
=CAT  \\$a11205$b40$c20211111$lBLL01$h1549
=CAT  \\$a5466D$b40$c20220207$lBLL01$h1252
=FMT  \\$a  SE
=LAS  \\$a5466D$b40$c20220207$lBLL01$h1252
=STA  \\$aSUPPRESSED$bISSN
=TCO  \\$aCLA$bCLA$c008

