=LDR  01007cas a22003378a 4500
=001  012927950
=003  Uk
=005  20220817092845.0
=007  ta
=008  040601c19959999enkqr\p\\\\\\\0\\\a0eng\\
=022  0\$a1361-0546$202
=040  \\$aUk$beng$cUk$erda
=222  \0$aWind in the willows
=245  00$aWind in the willows.
=260  \\$bDeVere.
=263  \\$a199512
=264  \1$aLondon :$bDe Vere Entertainers Ltd
=310  \\$aQuarterly
=336  \\$atext$2rdacontent
=337  \\$aunmediated$2rdamedia
=338  \\$avolume$2rdacarrier
=985  \\$aISSN Suppressed 17.08.2022. No evidence of publication
=985  \\$aISSN record only. Please do not merge this record. Do not add items
=CAT  \\$a6537$b40$c20040601$lTMP01$h1134
=CAT  \\$aEXLIBRIS$c20040606$lBLL01$h1135
=CAT  \\$a11130$b40$c20130809$lBLL01$h1620
=CAT  \\$a5466D$b40$c20220817$lBLL01$h0928
=FMT  \\$a  SE
=LAS  \\$a5466D$b40$c20220817$lBLL01$h0928
=STA  \\$aSUPPRESSED$bISSN
=TCO  \\$aCLA$bCLA$c008

