=LDR  00996cas a22003138a 4500
=001  012928187
=003  Uk
=005  20220816151929.0
=007  ta
=008  040601c19969999xxkuu\p\\\\\\\0\\\a0eng\\
=022  0\$a1361-0325$202
=040  \\$aUk$beng$cUk
=222  \0$aTattoo calendar magazine
=245  00$aTattoo calendar magazine.
=263  \\$a199606
=264  \1$a[Place of publication not identified] :$b[publisher not identified]
=336  \\$atext$2rdacontent
=337  \\$aunmediated$2rdamedia
=338  \\$avolume$2rdacarrier
=985  \\$aISSN Suppressed 16.08.2022. No evidence of publication
=985  \\$aISSN record only. Please do not merge this record. Do not add items
=CAT  \\$a11313$b40$c20040601$lTMP01$h1357
=CAT  \\$aEXLIBRIS$c20040606$lBLL01$h1135
=CAT  \\$a11205$b40$c20220217$lBLL01$h1106
=CAT  \\$a5466D$b40$c20220816$lBLL01$h1519
=FMT  \\$a  SE
=LAS  \\$a5466D$b40$c20220816$lBLL01$h1519
=STA  \\$aSUPPRESSED$bISSN
=TCO  \\$aCLA$bCLA$c008

