=LDR  00747 as a22002658a 4500
=001  012949220
=003  Uk
=005  20040712143007.0
=008  040712c20049999enkwr\p\\\\\\\0\\\a0eng\\
=022  0\$a1744-7135$202
=040  \\$aUk$beng$cUk
=222  \0$aVenue$b(Bath ed.)
=245  00$aVenue.
=260  \\$aBristol :$bBristol United Press.
=263  \\$a200407
=310  \\$aWeekly
=336  \\$atext$2rdacontent
=337  \\$aunmediated$2rdamedia
=338  \\$avolume$2rdacarrier
=985  \\$aISSN Pre-Pub request states that first issue of this title will be No. 623
=CAT  \\$a11194$b40$c20040712$lBLL01$h1349
=CAT  \\$a8870$b40$c20040712$lBLL01$h1430
=FMT  \\$a  SE
=LAS  \\$a8870$b40$c20040712$lBLL01$h1430
=TCO  \\$aCLA$bCLA$c008

