=LDR  00800 as a22002898a 4500
=001  012975144
=003  Uk
=005  20070125142410.0
=007  ta
=008  040824c20079999enkfr\p\\\\\\\0\\\a0eng\\
=022  0\$a1745-0896$202
=040  \\$aUk$beng$cUk
=222  \0$aSly 'n' chic
=245  00$aSly 'n' chic.
=260  \\$aLondon :$bM. Haddi
=263  \\$a200702
=310  \\$aSemi-annual
=336  \\$atext$2rdacontent
=337  \\$aunmediated$2rdamedia
=338  \\$avolume$2rdacarrier
=985  \\$aISSN was suppressed 24/07/06. Another request for ISSN received 25/01/07
=CAT  \\$a8870$b40$c20040824$lBLL01$h0859
=CAT  \\$a6971$b40$c20060724$lBLL01$h1408
=CAT  \\$a6537$b40$c20070125$lBLL01$h1424
=FMT  \\$a  SE
=LAS  \\$a6537$b40$c20070125$lBLL01$h1424
=TCO  \\$aCLA$bCLA$c008

