=LDR  01018 as a22003258a 4500
=001  012979292
=003  Uk
=005  20111213110708.0
=006  m\\\\\\\\d\|\\\\\\
=007  cr||||||||||||
=008  040827c20069999enkmr\\\s\\\\\0\\\a0eng\\
=022  0\$a1745-1159$202
=040  \\$aUk$beng$cUk
=222  \0$aEmerging markets report$b(Online)
=245  00$aEmerging markets report (Online).
=260  \\$aLondon :$bBerlinguer.
=263  \\$a200608
=310  \\$aMonthly
=336  \\$atext$2rdacontent
=337  \\$acomputer$2rdamedia
=338  \\$aonline resource$2rdacarrier
=985  \\$aPlease remove qualifier from 245 when cataloguing and add reciprocal 776 fields with ISSN 1745-1140
=CAT  \\$a11316$b40$c20040827$lBLL01$h0932
=CAT  \\$a7152$b40$c20050720$lBLL01$h1406
=CAT  \\$a11313$b40$c20060308$lBLL01$h0816
=CAT  \\$a10806$b40$c20111213$lBLL01$h1106
=CAT  \\$a10806$b40$c20111213$lBLL01$h1107
=FMT  \\$a  SE
=LAS  \\$a10806$b40$c20111213$lBLL01$h1107
=TCO  \\$aCLA$bCLA$c008

