=LDR  01483 as a22003858a 4500
=001  013000863
=003  Uk
=005  20130617104557.0
=006  m\\\\\\\\d\|\\\\\\
=007  cr||||||||||||
=008  040928c20059999enk\x\\\s\\\\\0\\\a0eng\\
=022  0\$a1745-297X$202
=040  \\$aUk$beng$cUk
=222  \0$aTechnical report$b(Worshipful Company of Goldsmiths. Technology & Training Dept. Online)
=245  00$aTechnical report (Online).
=260  \\$aLondon :$bWorshipful Company of Goldsmiths, Technology & Training Dept.
=263  \\$a200706
=336  \\$atext$2rdacontent
=337  \\$acomputer$2rdamedia
=338  \\$aonline resource$2rdacarrier
=710  2\$aWorshipful Company of Goldsmiths.$bTechnology & Training Department.
=985  \\$aPlease remove qualifier from 245 when cataloguing.
=985  \\$aISSN UK Centre note: Online version of print ISSN 1745-2961 and CD-ROM ISSN 1745-2988. Please add 776 fields when completing. ISSN UK, 17.06.2013
=985  \\$aRecord amended for WR# 13/070
=CAT  \\$a11316$b40$c20040928$lBLL01$h0934
=CAT  \\$a7236$b40$c20040928$lBLL01$h1143
=CAT  \\$a3072$b40$c20060413$lBLL01$h1533
=CAT  \\$a3072$b40$c20060413$lBLL01$h1554
=CAT  \\$a6971$b40$c20060918$lBLL01$h1340
=CAT  \\$aWR13_070$b00$c20130504$lBLL01$h0235
=CAT  \\$aWR13_070C$c20130611$lBLL01$h1851
=CAT  \\$a11313$b40$c20130617$lBLL01$h1045
=FMT  \\$a  SE
=LAS  \\$a11313$b40$c20130617$lBLL01$h1045
=TCO  \\$aCLA$bCLA$c008

