=LDR  02473cas a22006258a 4500
=001  013083757
=003  Uk
=005  20231003153629.0
=008  050117c20059999enkar\\\\\\\\\0\\\a0eng\\
=022  0\$a1746-188X$202
=040  \\$aUk$beng$cUk
=222  \0$aRugby world special
=245  00$aRugby world special.
=260  \\$aLondon :$bIPC Media.
=263  \\$a200505
=310  \\$aAnnual
=336  \\$atext$2rdacontent
=337  \\$aunmediated$2rdamedia
=338  \\$avolume$2rdacarrier
=985  \\$aISSN UK Centre: Suppressed. No copy recieved 3/10/23.
=985  \\$aISSN RECORD ONLY. DO NOT MERGE. DO NOT ADD ITEMS.
=ACF  \\$aPrevious Copyright Fee: GBP6.00$c0$e01-oct-2008$fGBP6.00$g0$hC$5Uk
=ACF  \\$aPrevious copyright fee: GBP10.50$c0$e01-jan-2011$fGBP10.50$g0$hA$5Uk
=ACF  \\$aPrevious copyright fee: GBP12.00$c0$e01-jan-2012$fGBP12.00$g0$hA$5Uk
=ACF  \\$aPrevious Copyright Fee: GBP12.30$c0$e01-jan-2014$fGBP12.30$g0$hA$5Uk
=ACF  \\$aPrevious Copyright Fee: GBP15.00$c0$e01-jan-2017$fGBP15.00$g0$hA$5Uk
=ACF  \\$aPrevious Copyright Fee: GBP17.50$c0$e01-jan-2018$fGBP17.50$g0$hA$5Uk
=ACF  \\$aPrevious Copyright Fee: GBP20.00$c0$e01-jan-2020$fGBP20.00$g0$hA$5Uk
=CAT  \\$a11316$b40$c20050117$lBLL01$h1308
=CAT  \\$aBATCH-CLA$b00$c20080829$lBLL01$h1830
=CAT  \\$aBATCH-UPD$b00$c20081001$lBLL01$h0011
=CAT  \\$aBATCH$b00$c20081001$lBLL01$h0127
=CAT  \\$aBATCH-UPD$b00$c20101201$lBLL01$h1249
=CAT  \\$aIPL-CLA$c20101231$lBLL01$h1514
=CAT  \\$aWR11_203$c20111204$lBLL01$h1508
=CAT  \\$aIPL-CLA$c20111230$lBLL01$h2020
=CAT  \\$aBATCH-CLA$b00$c20121109$lBLL01$h1730
=CAT  \\$aBATCH-CLA$c20131220$lBLL01$h2031
=CAT  \\$aIPL-CLA$c20131231$lBLL01$h2345
=CAT  \\$aBATCH-CLA$b00$c20161222$lBLL01$h1805
=CAT  \\$aIPL-CLA$c20161230$lBLL01$h2134
=CAT  \\$aBATCH-CLA$b00$c20171222$lBLL01$h2126
=CAT  \\$aIPL-CLA$c20171231$lBLL01$h1638
=CAT  \\$aBATCH-CLA$b00$c20191219$lBLL01$h1732
=CAT  \\$aIPL-CLA$c20191231$lBLL01$h1931
=CAT  \\$aR2001-1524$c20200127$lBLL01$h2008
=CAT  \\$aBATCH-CLA$b00$c20201204$lBLL01$h1533
=CAT  \\$aIPL-CLA$c20201231$lBLL01$h2157
=CAT  \\$aBATCH-CLA$b00$c20221221$lBLL01$h1842
=CAT  \\$aIPL-CLA$c20221231$lBLL01$h2104
=CAT  \\$a10973$b40$c20231003$lBLL01$h1536
=FMT  \\$a  SE
=LAS  \\$a10973$b40$c20231003$lBLL01$h1536
=STA  \\$aSUPPRESSED$bISSN
=TCO  \\$aCLA$bCLA$c008

