=LDR  01585 as a22004337a 4500
=001  013181255
=003  Uk
=005  20120111085122.0
=006  m\\\\\\\\d\|\\\\\\
=007  cr||||||||||||
=008  050420d2005200uenkmr\p\s\\\\\0\\\a0eng\\
=022  0\$a1747-1591
=040  \\$aUk$beng$cUk$dUk
=222  \0$aFine wine
=245  00$aFine wine.$h[electronic resource].
=246  13$aFine wine newsletter
=246  13$aVinigator
=260  \\$a[London] :$bFine Wine Press.
=310  \\$aMonthly
=336  \\$atext$2rdacontent
=337  \\$acomputer$2rdamedia
=338  \\$aonline resource$2rdacarrier
=362  1\$aCeased in 2009?
=776  0\$tFine wine$g2006-2008$x1754-9639
=856  40$uhttp://www.finewinepress.com$zTo subscribe
=856  40$uhttp://finewine.finewinepress.com/
=985  \\$aISSN Centre note: This is not an ISSN record. A separate ISSN record has been created for ISSN Portal, 06.04.2009. Print version, ISSN 1754-9639, currently published in France by Tasted Editions, 2009 onwards (no equivalent online version on 06.04.2009). ISSN UK Centre, 06.04.2009
=CAT  \\$a7152$b40$c20050420$lBLL01$h1018
=CAT  \\$a8870$b40$c20050506$lBLL01$h1200
=CAT  \\$a8870$b40$c20050506$lBLL01$h1204
=CAT  \\$a11315$b40$c20070601$lBLL01$h1450
=CAT  \\$aISSN$b40$c20090406$lBLL01$h1037
=CAT  \\$aISSN$b40$c20090406$lBLL01$h1122
=CAT  \\$a11316$b40$c20100622$lBLL01$h1225
=CAT  \\$a10806$b40$c20120111$lBLL01$h0851
=FIN  \\$aY$d20050506
=FMT  \\$a  SE
=LAS  \\$a10806$b40$c20120111$lBLL01$h0851
=TCO  \\$aCLA$bCLA$c008

