=LDR  00960 as a22003258a 4500
=001  013199334
=003  Uk
=005  20140603155053.0
=006  m\\\\\\\\d\|\\\\\\
=007  cr||||||||||||
=008  050517c20059999enkbr\\\s\\\\\0\\\a0eng\\
=022  0\$a1747-6100$202
=040  \\$aUk$beng$cUk
=222  \0$aSilicone fish$b(CD-ROM)
=245  00$aSilicone fish (CD-ROM).
=260  \\$aChester$bC.Ingram.
=263  \\$a200506
=310  \\$aBimonthly
=336  \\$atext$2rdacontent
=337  \\$acomputer$2rdamedia
=338  \\$aonline resource$2rdacarrier
=776  0\$tSilicone fish$c(Online)$x1747-6119
=985  \\$aISSN UK: Please link to print ISSN 1747-6097 when completing.
=CAT  \\$a7152$b40$c20050517$lBLL01$h1217
=CAT  \\$a7152$b40$c20050517$lBLL01$h1221
=CAT  \\$a10806$b40$c20140603$lBLL01$h1549
=CAT  \\$a10806$b40$c20140603$lBLL01$h1550
=FMT  \\$a  SE
=LAS  \\$a10806$b40$c20140603$lBLL01$h1550
=TCO  \\$aCLA$bCLA$c008

