=LDR  00960 as a22003258a 4500
=001  013199335
=003  Uk
=005  20140603155109.0
=006  m\\\\\\\\d\|\\\\\\
=007  cr||||||||||||
=008  050517c20059999enkbr\\\s\\\\\0\\\a0eng\\
=022  0\$a1747-6119$202
=040  \\$aUk$beng$cUk
=222  \0$aSilicone fish$b(Online)
=245  00$aSilicone fish (Online).
=260  \\$aChester$bC.Ingram.
=263  \\$a200506
=310  \\$aBimonthly
=336  \\$atext$2rdacontent
=337  \\$acomputer$2rdamedia
=338  \\$aonline resource$2rdacarrier
=776  0\$tSilicone fish$c(CD-ROM)$x1747-6100
=985  \\$aISSN UK: Please link to print ISSN 1747-6097 when completing.
=CAT  \\$a7152$b40$c20050517$lBLL01$h1218
=CAT  \\$a7152$b40$c20050517$lBLL01$h1221
=CAT  \\$a10806$b40$c20140603$lBLL01$h1548
=CAT  \\$a10806$b40$c20140603$lBLL01$h1551
=FMT  \\$a  SE
=LAS  \\$a10806$b40$c20140603$lBLL01$h1551
=TCO  \\$aCLA$bCLA$c008

