=LDR  02966cas a22006738a 4500
=001  013267316
=003  Uk
=005  20230210010358.0
=007  ta
=008  050805c20059999enkuu\p\\\\\\\0\\\a0eng\\
=022  0\$a1748-6785$202
=040  \\$aUk$beng$cUk
=222  \0$aSussex life$b(East ed.)
=245  00$aSussex life.$pEast.
=260  \\$aNorwich :$bArchant life.
=263  \\$a200512
=336  \\$atext$2rdacontent
=337  \\$aunmediated$2rdamedia
=338  \\$avolume$2rdacarrier
=540  \\$aCurrent Copyright Fee: GBP25.00$c0$5Uk
=985  \\$aISSN cancelled 1/8/08. Double assignment with ISSN 0039-6397. From 2005, produced with two different covers in East and West Sussex, but content identical. (www.sussexlife.co.uk). The two versions do not have any distinguishing title information or edition statements.
=985  \\$aISSN record only. Do not merge. Do not add items.
=ACF  \\$aPrevious Copyright Fee: GBP12.00$c0$e01-jul-2013$fGBP12.00$g0$hC$5Uk
=ACF  \\$aPrevious Copyright Fee: GBP12.30$c0$e01-jan-2014$fGBP12.30$g0$hC$5Uk
=ACF  \\$aPrevious Copyright Fee: GBP15.00$c0$e01-jan-2017$fGBP15.00$g0$hC$5Uk
=ACF  \\$aPrevious Copyright Fee: GBP17.50$c0$e01-jan-2018$fGBP17.50$g0$hC$5Uk
=ACF  \\$aPrevious Copyright Fee: GBP20.00$c0$e01-jan-2020$fGBP20.00$g0$hC$5Uk
=ACF  \\$aPrevious Copyright Fee: GBP22.50$c0$e01-jan-2021$fGBP22.50$g0$hC$5Uk
=CAT  \\$a11316$b40$c20050805$lBLL01$h1150
=CAT  \\$a6971$b40$c20060106$lBLL01$h1612
=CAT  \\$a10932$b40$c20070423$lBLL01$h1509
=CAT  \\$a8128$b40$c20070815$lBLL01$h1615
=CAT  \\$a11316$b40$c20080801$lBLL01$h1204
=CAT  \\$a11316$b40$c20080801$lBLL01$h1205
=CAT  \\$a11316$b40$c20080801$lBLL01$h1206
=CAT  \\$a10932$b40$c20081121$lBLL01$h1158
=CAT  \\$aBATCH-CLA$b00$c20130531$lBLL01$h1641
=CAT  \\$aIPL-CLA$c20130701$lBLL01$h0054
=CAT  \\$aBATCH-CLA$b00$c20131129$lBLL01$h1650
=CAT  \\$aIPL-CLA$c20131231$lBLL01$h2353
=CAT  \\$aBATCH-CLA$b00$c20161130$lBLL01$h1636
=CAT  \\$aIPL-CLA$c20161230$lBLL01$h2144
=CAT  \\$aBATCH-CLA$b00$c20171130$lBLL01$h1647
=CAT  \\$aW1711-1225$c20171203$lBLL01$h1022
=CAT  \\$aIPL-CLA$c20171231$lBLL01$h1645
=CAT  \\$aBATCH-CLA$b00$c20191129$lBLL01$h1624
=CAT  \\$aIPL-CLA$c20191231$lBLL01$h1934
=CAT  \\$aBATCH-CLA$b00$c20201126$lBLL01$h1405
=CAT  \\$aIPL-CLA$c20201231$lBLL01$h2203
=CAT  \\$aBATCH-CLA$b00$c20221130$lBLL01$h1444
=CAT  \\$aIPL-CLA$c20221231$lBLL01$h2112
=CAT  \\$aBATCH-CLA$b00$c20230209$lBLL01$h1531
=CAT  \\$aIPL-CLA$c20230210$lBLL01$h0103
=CFI  0\$aCurrent Copyright Fee: GBP25.00$c0$e09-feb-2023$fGBP25.00$g0$hC$5Uk
=CFI  2\$aBritish Library not licensed to copy$c0$e01-jan-2023$hC$iCFP Excluded$5Uk
=FMT  \\$a  SE
=LAS  \\$aIPL-CLA$b00$c20230210$lBLL01$h0103
=STA  \\$aSUPPRESSED$bunable to determine reason for suppression
=TCO  \\$aCLA$bCLA$c008

