=LDR  00957 as a22003138a 4500
=001  013305795
=003  Uk
=005  20140911112204.0
=006  m\\\\\\\\d\|\\\\\\
=007  cr||||||||||||
=008  051004c20059999enkfr\\\s\\\\\0\\\a0eng\\
=022  0\$a1749-3609$202
=040  \\$aUk$beng$cUk
=222  \0$aInpractice$b(Qualify. Online)
=245  00$aInpractice (Online).
=246  30$aIn practice
=260  \\$aLondon :$bMedical Defence Union.
=263  \\$a200510
=310  \\$aTwo issues yearly
=336  \\$atext$2rdacontent
=337  \\$acomputer$2rdamedia
=338  \\$aonline resource$2rdacarrier
=710  2\$aMedical Defence Union
=985  \\$aISSN UK Centre note: Online version of ISSN 1749-3595 - please add 776 fields when completing. ISSN UK, 11.09.2014.
=CAT  \\$a7152$b40$c20051004$lBLL01$h1453
=CAT  \\$a11313$b40$c20140911$lBLL01$h1122
=FMT  \\$a  SE
=LAS  \\$a11313$b40$c20140911$lBLL01$h1122
=TCO  \\$aCLA$bCLA$c008

