=LDR  00942 as a22003018a 4500
=001  013330079
=003  Uk
=005  20080901100452.0
=007  ta
=008  051107c20059999enkmr\p\\\\\\\0\\\a0eng\\
=022  0\$a1749-737X$202
=040  \\$aUk$beng$cUk
=222  \0$aAfrican vanguard$b(Qualify)
=245  00$aAfrican vanguard.
=260  \\$aCamberley :$bRoyal Gate Ventures
=263  \\$a200512
=310  \\$aMonthly
=336  \\$atext$2rdacontent
=337  \\$aunmediated$2rdamedia
=338  \\$avolume$2rdacarrier
=785  00$tCity vanguard$x1755-6635
=985  \\$aISSN UK Centre - Copy not yet received. Record has not been completed. The title is due to change August 07 - new pre-pub ISSN assigned 22/8/07
=CAT  \\$a6537$b40$c20051107$lBLL01$h0759
=CAT  \\$a11316$b40$c20070822$lBLL01$h1131
=CAT  \\$aISSN$b40$c20080901$lBLL01$h1004
=FMT  \\$a  SE
=LAS  \\$aISSN$b40$c20080901$lBLL01$h1004
=TCO  \\$aCLA$bCLA$c008

