=LDR  00785 as a22002778a 4500
=001  013421315
=003  Uk
=005  20190918113154.0
=007  ta
=008  060308c20069999enkar\p\\\\\\\0\\\a0eng\\
=022  0\$a1750-6875$202
=040  \\$aUk$beng$cUk
=222  \0$aRerum causae
=245  00$aRerum causae.
=260  \\$aLondon :$bLSE Students Union Philosophy Society
=263  \\$a200603
=310  \\$aAnnual
=336  \\$atext$2rdacontent
=337  \\$aunmediated$2rdamedia
=338  \\$avolume$2rdacarrier
=985  \\$aOnline version ISSN 2633-2361. Please add reciprocal 776 fields on completion.
=CAT  \\$a11313$b40$c20060308$lBLL01$h0855
=CAT  \\$a11205$b40$c20190918$lBLL01$h1131
=FMT  \\$a  SE
=LAS  \\$a11205$b40$c20190918$lBLL01$h1131
=TCO  \\$aCLA$bCLA$c008

