=LDR  00977 as a22003018a 4500
=001  013478583
=003  Uk
=005  20110117110942.0
=006  m\\\\\\\\d\|\\\\\\
=007  cr||||||||||||
=008  060526c20069999enkbr\\\s\\\\\0\\\a0eng\\
=022  0\$a1751-5068$202
=040  \\$aUk$beng$cUk
=222  \0$aPQE post qualification experience$b(Online)
=245  00$aPQE post qualification experience (Online)
=260  \\$aLondon :$bLexisNexis Butterworth
=263  \\$a200607
=310  \\$aBimonthly
=336  \\$atext$2rdacontent
=337  \\$acomputer$2rdamedia
=338  \\$aonline resource$2rdacarrier
=985  \\$aISSN UK Centre note: Online version of ISSN 1751-505X - please add 776 fields when completing this record. ISSN UK, 17.01.2011
=CAT  \\$a11439$b40$c20060526$lBLL01$h1413
=CAT  \\$a8124$b40$c20061122$lBLL01$h1222
=CAT  \\$aISSN$b40$c20110117$lBLL01$h1109
=FMT  \\$a  SE
=LAS  \\$aISSN$b40$c20110117$lBLL01$h1109
=TCO  \\$aCLA$bCLA$c008

