=LDR  04275 as a2200913 a 4500
=001  013508842
=003  Uk
=005  20201111103530.0
=006  m\\\\\\\\d\|\\\\\\
=007  cr||||||||||||
=008  060712d200u2009enkqr\p\\\\\\\0\\\a0eng\\
=022  0\$y1479-2222
=040  \\$aUk$beng$cUk$dUk
=042  \\$aukblsr
=082  04$a371.334094105$222
=130  0\$aAssociation for learning technology newsletter (PDF version)
=245  10$aAssociation for learning technology newsletter$h[electronic resource].
=246  1\$iMinor title change:$aALT news$fJuly 2005-Apr. 2009
=246  13$aALT-N
=246  13$aAssociation for learning technology news
=246  13$aALT newsletter
=260  \\$aOxford :$bAssociation for Learning Technology,$c-2009.
=336  \\$atext$2rdacontent
=337  \\$acomputer$2rdamedia
=338  \\$aonline resource$2rdacarrier
=362  0\$a-Issue 65 (Apr. 2009).
=500  \\$aDescription based on: Issue no. 48 (Jan. 2005); title from PDF caption (publisher's Web site, viewed May 15, 2010).
=500  \\$aLatest issue consulted: Issue 65 (Apr. 2009).
=538  \\$aMode of access: World Wide Web.
=538  \\$aSystem requirements: Adobe Acrobat Reader.
=540  \\$aCurrent Copyright Fee: GBP12.30$c0$5Uk
=580  \\$aPreviously issued in print format entitled: Association for Learning Technology newsletter; also issued in a longer HTML version, with links, entitled: Association for Learning Technology online newsletter.
=650  \0$aEducational technology$zGreat Britain$vPeriodicals.
=650  \0$aEducation$xData processing$vPeriodicals.
=650  \0$aComputer-assisted instruction$zGreat Britain$vPeriodicals.
=776  1\$tAssociation for Learning Technology online newsletter$x1748-3603
=785  00$tALT update
=787  1\$tAssociation for Learning Technology newsletter$x1479-2222
=856  40$uhttp://www.alt.ac.uk/alt_n.html
=985  \\$aPDF version; ISSN is for print version; would have preferred to do C/T for ALT news but issues already in Digital Store
=ACF  \\$aPrevious Copyright Fee: GBP12.00$c0$e01-apr-2012$fGBP12.00$g0$hC$5Uk
=ACF  \\$aPrevious Copyright Fee: GBP12.00$c0$e01-jan-2012$fGBP12.00$g0$hC$5Uk
=ACF  \\$aPrevious Copyright Fee: GBP10.50$c0$e01-oct-2011$fGBP10.50$g0$hC$5Uk
=ACF  \\$aPrevious Copyright Fee: GBP10.50$c0$e01-jul-2011$fGBP10.50$g0$hC$5Uk
=ACF  \\$aPrevious Copyright Fee: GBP10.50$c0$e01-apr-2011$fGBP10.50$g0$hC$5Uk
=ACF  \\$aPrevious Copyright Fee: GBP12.00$c0$e01-jul-2012$fGBP12.00$g0$hC$5Uk
=CAT  \\$a10902$b40$c20060712$lBLL01$h1351
=CAT  \\$a3072$b40$c20100514$lBLL01$h1626
=CAT  \\$a3072$b40$c20100514$lBLL01$h1629
=CAT  \\$a3072$b40$c20100517$lBLL01$h1102
=CAT  \\$a3072$b40$c20100517$lBLL01$h1208
=CAT  \\$a3072$b40$c20100517$lBLL01$h1220
=CAT  \\$a3072$b40$c20100517$lBLL01$h1321
=CAT  \\$aBATCH-CLA$b00$c20110228$lBLL01$h1552
=CAT  \\$aIPL-CLA$c20110331$lBLL01$h1506
=CAT  \\$aBATCH-CLA$b00$c20110531$lBLL01$h1646
=CAT  \\$aIPL-CLA$c20110630$lBLL01$h1546
=CAT  \\$aBATCH-CLA$b00$c20110831$lBLL01$h1810
=CAT  \\$aIPL-CLA$c20110930$lBLL01$h1550
=CAT  \\$aBATCH-CLA$b00$c20111130$lBLL01$h1222
=CAT  \\$aIPL-CLA$c20111230$lBLL01$h2025
=CAT  \\$aBATCH-CLA$b00$c20120229$lBLL01$h1639
=CAT  \\$aIPL-CLA$c20120330$lBLL01$h1437
=CAT  \\$aBATCH-CLA$b00$c20120531$lBLL01$h1726
=CAT  \\$aIPL-CLA$c20120629$lBLL01$h1036
=CAT  \\$aBATCH-CLA$b00$c20120831$lBLL01$h1555
=CAT  \\$aIPL-CLA$c20120930$lBLL01$h2125
=CAT  \\$aBATCH-CLA$b00$c20121109$lBLL01$h1726
=CAT  \\$aBATCH-CLA$b00$c20131129$lBLL01$h1705
=CAT  \\$aIPL-CLA$c20140101$lBLL01$h0006
=CAT  \\$aW1711-1225$c20171203$lBLL01$h1024
=CAT  \\$a6490$b40$c20201111$lBLL01$h1035
=CFI  0\$aCurrent Copyright Fee: GBP12.30$c0$e01-jan-2014$fGBP12.30$g0$hC$5Uk
=CFI  2\$aPrevious Copyright Fee: GBP12.00$c0$e01-oct-2012$fGBP12.00$g0$hC$5Uk
=FIN  \\$aY$d20100514
=FMT  \\$a  SE
=LAS  \\$a6490$b40$c20201111$lBLL01$h1035
=LKR  \\$aPAR$b007881396$lBLL01$r78010$mAssociation for learning technology newsletter (PDF)$nAssociation for Learning Technology newsletter (Print)
=TCO  \\$aCLA$bCLA$c008

