=LDR  02741 as a2200673 a 4500
=001  013515769
=003  Uk
=005  20201204114946.0
=006  m\\\\\\\\d\|\\\\\\
=007  cr||||||||||||
=008  060724d200u2008enkwr\p\s\\\\\0\\\a0eng\\
=015  \\$aGBA8A2576$2bnb
=040  \\$aUk$beng$cUk
=042  \\$aukblsr
=082  04$a363.1094105$222
=245  00$aBarbour briefing$h[electronic resource].
=246  13$aBarbour current awareness briefing
=260  \\$a[Ascot] :$bBarbour,$c-2008.
=310  \\$aWeekly
=336  \\$atext$2rdacontent
=337  \\$acomputer$2rdamedia
=338  \\$aonline resource$2rdacarrier
=362  0\$a- 12 Aug. 2008.
=500  \\$aDescription based on: 19 June 2006 issue; title from PDF caption (email, sent 20 June 2006).
=538  \\$aMode of access: email.
=538  \\$aSystem requirements: Adobe Acrobat Reader.
=580  \\$aSplit into: Barbour environment briefing, and: Barbour environmental health briefing, and: Barbour food safety brieifing, Barbour health & safety briefing, Barbour briefing. Premises and facilities management, and: Barbour briefing. Trading standards briefing.
=650  \0$aIndustrial safety$zGreat Britain$vPeriodicals.
=650  \0$aIndustrial hygiene$zGreat Britain$vPeriodicals.
=650  \0$aEnvironmental protection$zGreat Britain$vPeriodicals.
=650  \0$aEnvironmental health$zGreat Britain$vPeriodicals.
=650  \0$aPublic health$zGreat Britain$vPeriodicals.
=650  \0$aFood safety$zGreat Britain$vPeriodicals.
=650  \0$aConsumer protection$zGreat Britain$vPeriodicals.
=710  2\$aBarbour (Firm)
=785  16$tBarbour environment briefing
=785  16$tBarbour environmental health briefing
=785  16$tBarbour food safety briefing,
=785  16$tBarbour health & safety briefing
=785  16$tBarbour briefing. Premises and facilities management
=785  16$tBarbour briefing. Trading standards briefing
=985  \\$aISSN not assigned - after discussion with ISSN -UK
=CAT  \\$a10902$b40$c20060724$lBLL01$h1605
=CAT  \\$a10902$b40$c20060724$lBLL01$h1607
=CAT  \\$a3072$b40$c20080826$lBLL01$h1409
=CAT  \\$a3072$b40$c20080826$lBLL01$h1410
=CAT  \\$a3072$b40$c20080826$lBLL01$h1610
=CAT  \\$a3072$b40$c20080826$lBLL01$h1613
=CAT  \\$a3072$b40$c20080826$lBLL01$h1625
=CAT  \\$a3072$b40$c20080826$lBLL01$h1631
=CAT  \\$a7332$b40$c20090105$lBLL01$h0756
=CAT  \\$a5997$b40$c20120207$lBLL01$h1137
=CAT  \\$a5997$b40$c20120207$lBLL01$h1306
=CAT  \\$aW1711-1225$c20171203$lBLL01$h1024
=CAT  \\$a6490$b40$c20201204$lBLL01$h1149
=FIN  \\$aY$d20080826
=FMT  \\$a  SE
=LAS  \\$a6490$b40$c20201204$lBLL01$h1149
=TCO  \\$aCLA$bCLA$c008

