=LDR  00863 as a22003018a 4500
=001  013574201
=003  Uk
=005  20090522103125.0
=007  ta
=008  061011c20099999enkwr\\\\\\\\\0\\\a0eng\\
=022  0\$a1752-7740$202
=040  \\$aUk$beng$cUk
=222  \4$aThe Polish review$b(Qualify)
=245  04$aThe Polish review.
=260  \\$aLondon :$bAndrzej Swoboda
=263  \\$a200909
=310  \\$aWeekly
=336  \\$atext$2rdacontent
=337  \\$aunmediated$2rdamedia
=338  \\$avolume$2rdacarrier
=985  \\$aOriginally applied for ISSN with title: The Polish telegraph
=CAT  \\$a11439$b40$c20061011$lBLL01$h1335
=CAT  \\$a11316$b40$c20061120$lBLL01$h1215
=CAT  \\$a6971$b40$c20070710$lBLL01$h1357
=CAT  \\$a11313$b40$c20090522$lBLL01$h1031
=FMT  \\$a  SE
=LAS  \\$a11313$b40$c20090522$lBLL01$h1031
=TCO  \\$aCLA$bCLA$c008

