=LDR  01198 as a22003498a 4500
=001  013577591
=003  Uk
=005  20100304105938.0
=006  m\\\\\\\\d\|\\\\\\
=007  cr||||||||||||
=008  061017c20079999enkar\\\s\\\\\0\\\a0eng\\
=022  0\$a1752-8801$202
=040  \\$aUk$beng$cUk
=222  \0$aGetting the deal through. Environment$b(Online)
=245  00$aGetting the deal through. Environment (Online).
=260  \\$aLondon :$bLaw Business Research
=263  \\$a200610
=310  \\$aAnnual
=336  \\$atext$2rdacontent
=337  \\$acomputer$2rdamedia
=338  \\$aonline resource$2rdacarrier
=985  \\$aISSN UK Centre note: 776 field removed for print version (Print ISSN 1752-8798) - please add 776 fields to both records when completing. 03.03.2010
=CAT  \\$a11439$b40$c20061017$lBLL01$h1338
=CAT  \\$a11439$b40$c20061017$lBLL01$h1340
=CAT  \\$a11439$b40$c20061017$lBLL01$h1348
=CAT  \\$aISSN$b40$c20100217$lBLL01$h1405
=CAT  \\$a11313$b40$c20100304$lBLL01$h1056
=CAT  \\$aISSN$b40$c20100304$lBLL01$h1057
=CAT  \\$aISSN$b40$c20100304$lBLL01$h1059
=FMT  \\$a  SE
=LAS  \\$aISSN$b40$c20100304$lBLL01$h1059
=TCO  \\$aCLA$bCLA$c008

