=LDR  01037 as a22003138a 4500
=001  013588408
=003  Uk
=005  20151110093612.0
=007  ta
=008  061030c20079999enkbr\p\\\\\\\0\\\a0eng\\
=022  0\$a1752-9107$202
=040  \\$aUk$beng$cUk
=222  \0$aAmbassador magazine$b(Print)
=245  00$aAmbassador magazine (Print).
=246  3\$aAmbassador
=260  \\$aBarnet :$bFingertip Trade for the Association for African Owned Enterprises (UK)
=263  \\$a201005
=310  \\$aBimonthly
=336  \\$atext$2rdacontent
=337  \\$aunmediated$2rdamedia
=338  \\$avolume$2rdacarrier
=985  \\$aOriginal ISSN application title: The ambassador.
=985  \\$aOnline version completed. Please add 776 fields on completion of print version. Online version has title : The ambassador.
=CAT  \\$a11313$b40$c20061030$lBLL01$h1458
=CAT  \\$a11316$b40$c20100427$lBLL01$h1414
=CAT  \\$a11315$b40$c20151110$lBLL01$h0936
=FMT  \\$a  SE
=LAS  \\$a11315$b40$c20151110$lBLL01$h0936
=TCO  \\$aCLA$bCLA$c008

