=LDR  01116 as a22003258a 4500
=001  013633061
=003  Uk
=005  20090603144806.0
=007  ta
=008  070102c20089999enktr\p\\\\\\\0\\\a0eng\\
=022  0\$a1753-366X$202
=040  \\$aUk$beng$cUk
=222  \0$aInternational journal of graduate education
=245  00$aInternational journal of graduate education.
=260  \\$aFrreland, Oxfordshire :$bInterdisciplinaryNet
=263  \\$a012010
=310  \\$aThree issues yearly
=336  \\$atext$2rdacontent
=337  \\$aunmediated$2rdamedia
=338  \\$avolume$2rdacarrier
=985  \\$aThis publication may incorporate 'Journal of graduate education' ISSN 1354-0653 - see pending file for more information. ISSN UK Centre 2/1/07
=CAT  \\$a11313$b40$c20070102$lBLL01$h1043
=CAT  \\$a6537$b40$c20070710$lBLL01$h1224
=CAT  \\$a6971$b40$c20080619$lBLL01$h1432
=CAT  \\$a11316$b40$c20090603$lBLL01$h1410
=CAT  \\$a11316$b40$c20090603$lBLL01$h1445
=CAT  \\$a11316$b40$c20090603$lBLL01$h1448
=FMT  \\$a  SE
=LAS  \\$a11316$b40$c20090603$lBLL01$h1448
=TCO  \\$aCLA$bCLA$c008

