=LDR  01433 as a22003138a 4500
=001  013643567
=003  Uk
=005  20130924103743.0
=007  ta
=008  070115c20089999enkfr\p\\\\\\\0\\\a0eng\\
=022  0\$a1753-6170$202
=040  \\$aUk$beng$cUk
=222  \0$aBritish journal of Mormon studies$b(Print)
=245  00$aBritish journal of Mormon studies (Print).
=260  \\$aStoke on Trent :$bBritish Mormon Historical Society
=263  \\$a200801
=310  \\$aSemiannual
=336  \\$atext$2rdacontent
=337  \\$aunmediated$2rdamedia
=338  \\$avolume$2rdacarrier
=776  0\$tBritish journal of Mormon studies$c(Online)$x1753-6189
=785  00$tInternational journal of Mormon studies$x1757-5532
=985  \\$aISSN UK Centre note: Unable to complete this record. No issues available. Print issues were available briefly in 2008 - Google groups 20/2/2008 "Following a number of requests a printed version of the British Journal of Mormon Studies is now available for order at: http://www.lulu.com/content/2007882". but the 2008 journal issue was renamed International journal of Mormon studies retroactively and a copy with that title was received by BL and catalogued on #014588969.
=CAT  \\$a11313$b40$c20070115$lBLL01$h1149
=CAT  \\$a11313$b40$c20071008$lBLL01$h1044
=CAT  \\$a11316$b40$c20130924$lBLL01$h1037
=FMT  \\$a  SE
=LAS  \\$a11316$b40$c20130924$lBLL01$h1037
=TCO  \\$aCLA$bCLA$c008

