=LDR  00969 as a22003018a 4500
=001  013648490
=003  Uk
=005  20170110161115.0
=007  ta
=008  070122c20079999enkbr\p\\\\\\\0\\\a0eng\\
=022  0\$a1753-6316$202
=040  \\$aUk$beng$cUk
=222  \0$aFightsport UK
=245  00$aFightsport UK.
=246  3\$aFight sport UK
=260  \\$aCoventry :$bFightsport UK
=263  \\$a200703
=310  \\$aBi-monthly
=336  \\$atext$2rdacontent
=337  \\$aunmediated$2rdamedia
=338  \\$avolume$2rdacarrier
=985  \\$aISSN UK Centre note: evidence online that this was launched in 2006. Probably linked to ISSN 1777-0459 but cover image on internet shows 'UK' as part of title so cannot suppress as double assignment.
=CAT  \\$a6537$b40$c20070122$lBLL01$h0849
=CAT  \\$a10973$b40$c20170110$lBLL01$h1532
=CAT  \\$a10973$b40$c20170110$lBLL01$h1611
=FMT  \\$a  SE
=LAS  \\$a10973$b40$c20170110$lBLL01$h1611
=TCO  \\$aCLA$bCLA$c008

