=LDR  01016 as a22003258a 4500
=001  013667771
=003  Uk
=005  20140909104210.0
=006  m\\\\\\\\d\|\\\\\\
=007  cr||||||||||||
=008  070208c20169999enk\x\p\s\\\\\0\\\a0eng\\
=022  0\$a1753-8599$202
=040  \\$aUk$beng$cUk
=210  0\$aGlob. health policy$b(Online)
=222  \0$aGlobal health policy$b(Online)
=245  00$aGlobal health policy.
=260  \\$aCambridge :$bCambridge University Press
=263  \\$a201601
=310  \\$aQuarterly
=336  \\$atext$2rdacontent
=337  \\$acomputer$2rdamedia
=338  \\$aonline resource$2rdacarrier
=985  \\$aISSN suppressed 18.12.2009. Reassigned 09.09.2014. Print ISSN 1753-8580 remains suppressed.
=CAT  \\$a6537$b40$c20070208$lBLL01$h1155
=CAT  \\$a11130$b40$c20091218$lBLL01$h1539
=CAT  \\$aBATCH-UPD$b40$c20121030$lBLL01$h1628
=CAT  \\$a11313$b40$c20140909$lBLL01$h1042
=FMT  \\$a  SE
=LAS  \\$a11313$b40$c20140909$lBLL01$h1042
=TCO  \\$aCLA$bCLA$c008

