=LDR  00966 as a22003018a 4500
=001  013698648
=003  Uk
=005  20070320150636.0
=007  ta
=008  070320c20079999enkqr\\\\\\\\\0\\\a0eng\\
=022  0\$a1754-1190$z1750-6948$202
=040  \\$aUk$beng$cUk
=222  \0$aExecutive & VIP aviation international
=245  00$aExecutive & VIP aviation international
=246  3\$aExecutive and VIP aviation international
=260  \\$aLondon :$bAir Transport Publications
=263  \\$a200712
=310  \\$aQuarterly
=336  \\$atext$2rdacontent
=337  \\$aunmediated$2rdamedia
=338  \\$avolume$2rdacarrier
=780  00$tBusiness & VIP aviation buyers' guide$x1754-1182
=985  \\$aBusiness & VIP aviation buyers' guide ISSN 1754-1182 is still pre-publication status
=CAT  \\$aISSN$b40$c20070320$lBLL01$h1225
=CAT  \\$a11316$b40$c20070320$lBLL01$h1506
=FMT  \\$a  SE
=LAS  \\$a11316$b40$c20070320$lBLL01$h1506
=TCO  \\$aCLA$bCLA$c008

