=LDR  01209 as a22003138a 4500
=001  013739123
=003  Uk
=005  20090519133542.0
=006  m\\\\\\\\d\|\\\\\\
=007  cr||||||||||||
=008  070504c20089999enkfr\p\s\\\\\0\\\a0eng\\
=022  0\$a1754-6370$202
=040  \\$aUk$beng$cUk
=222  \0$aJournal of international volunteer tourism and social development$b(Online)
=245  00$aJournal of international volunteer tourism and social development (Online)
=260  \\$aClevedon :$bChannel View Publications
=263  \\$a200806
=310  \\$aSemi-annual
=336  \\$atext$2rdacontent
=337  \\$acomputer$2rdamedia
=338  \\$aonline resource$2rdacarrier
=776  0\$tJournal of international volunteer tourism and social development$c(Print)$x1754-6362
=985  \\$aISSN UK Centre: Journal now due to be published by Routledge/Taylor & Francis - need to contact US ISSN Centre once copy received. 19.05.2009
=CAT  \\$a6537$b40$c20070504$lBLL01$h1221
=CAT  \\$a11313$b40$c20090519$lBLL01$h1335
=FMT  \\$a  SE
=LAS  \\$a11313$b40$c20090519$lBLL01$h1335
=LET  \0$aJournal of international volunteer tourism and social development (Online)
=TCO  \\$aCLA$bCLA$c008

