=LDR  00934 as a22003258a 4500
=001  013744777
=003  Uk
=005  20100525163934.0
=007  ta
=008  070514c20109999enkmr\p\\\\\\\0\\\a0eng\\
=022  0\$a1754-7466$202
=040  \\$aUk$beng$cUk
=222  \0$aFar magazine
=245  00$aFar magazine.
=260  \\$aLondon :$bFar Ancient Publications
=263  \\$a201012
=310  \\$aMonthly
=336  \\$atext$2rdacontent
=337  \\$aunmediated$2rdamedia
=338  \\$avolume$2rdacarrier
=985  \\$aISSN originally applied for as: Zeyad vision.
=CAT  \\$a11439$b40$c20070514$lBLL01$h1746
=CAT  \\$a6971$b40$c20071107$lBLL01$h1025
=CAT  \\$a6537$b40$c20071213$lBLL01$h0916
=CAT  \\$a11316$b40$c20091117$lBLL01$h0939
=CAT  \\$a11316$b40$c20091117$lBLL01$h0945
=CAT  \\$a11130$b40$c20100525$lBLL01$h1639
=FMT  \\$a  SE
=LAS  \\$a11130$b40$c20100525$lBLL01$h1639
=TCO  \\$aCLA$bCLA$c008

