=LDR  02930cas a22007213  4500
=001  013762411
=003  Uk
=005  20221231213745.0
=007  ta
=008  760429d19681971enka|2p\\\\\\\0\\\a0eng\\
=022  0\$a0533-8921$202
=040  \\$aUk$cUk
=210  0\$aDig. energy stat.
=222  \0$aDigest of energy statistics
=245  00$aDigest of energy statistics
=260  \\$aLondon :$bH.M.S.O.
=336  \\$atext$2rdacontent
=337  \\$aunmediated$2rdamedia
=338  \\$avolume$2rdacarrier
=540  \\$aCurrent Copyright Fee: GBP25.00$c0$5Uk
=710  1\$aGreat Britain.$bMinistry of Power.
=780  00$tStatistical digest - Ministry of Power
=785  00$tDigest of United Kingdom energy statistics$x0307-0603
=985  \\$aDO NOT MERGE ISSN RECORD WITH BIB. RECORDS
=ACF  \\$aPrevious Copyright Fee: GBP6.00$c0$e01-oct-2008$fGBP6.00$g0$hC$5Uk
=ACF  \\$aPrevious copyright fee: GBP10.50$c0$e01-jan-2011$fGBP10.50$g0$hA$5Uk
=ACF  \\$aPrevious copyright fee: GBP12.00$c0$e01-jan-2012$fGBP12.00$g0$hA$5Uk
=ACF  \\$aPrevious Copyright Fee: GBP12.30$c0$e01-jan-2014$fGBP12.30$g0$hA$5Uk
=ACF  \\$aPrevious Copyright Fee: GBP15.00$c0$e01-jan-2017$fGBP15.00$g0$hA$5Uk
=ACF  \\$aPrevious Copyright Fee: GBP17.50$c0$e01-jan-2018$fGBP17.50$g0$hA$5Uk
=ACF  \\$aPrevious Copyright Fee: GBP20.00$c0$e01-jan-2020$fGBP20.00$g0$hA$5Uk
=CAT  \\$a8456$b40$c20070606$lBLL01$h0958
=CAT  \\$aBATCH-CLA$b00$c20080829$lBLL01$h1827
=CAT  \\$aBATCH-UPD$b00$c20081001$lBLL01$h0013
=CAT  \\$aBATCH$b00$c20081001$lBLL01$h0128
=CAT  \\$a8964$b40$c20100312$lBLL01$h1505
=CAT  \\$aBATCH-UPD$b40$c20101201$lBLL01$h1250
=CAT  \\$aIPL-CLA$c20101231$lBLL01$h1522
=CAT  \\$aWR11_203$c20111204$lBLL01$h1512
=CAT  \\$aIPL-CLA$c20111230$lBLL01$h2027
=CAT  \\$aBATCH-CLA$b00$c20121109$lBLL01$h1725
=CAT  \\$aBATCH-CLA$c20131220$lBLL01$h2043
=CAT  \\$aIPL-CLA$c20140101$lBLL01$h0019
=CAT  \\$aBATCH-CLA$b00$c20161222$lBLL01$h1814
=CAT  \\$aBATCH-UPD$b00$c20161224$lBLL01$h1004
=CAT  \\$aIPL-CLA$c20161230$lBLL01$h2217
=CAT  \\$aBATCH-CLA$b00$c20171222$lBLL01$h2136
=CAT  \\$aIPL-CLA$c20171231$lBLL01$h1706
=CAT  \\$aBATCH-CLA$b00$c20191219$lBLL01$h1739
=CAT  \\$aIPL-CLA$c20191231$lBLL01$h1946
=CAT  \\$aR2001-1524$c20200127$lBLL01$h2022
=CAT  \\$aBATCH-CLA$b00$c20201204$lBLL01$h1542
=CAT  \\$aIPL-CLA$c20201231$lBLL01$h2221
=CAT  \\$aBATCH-CLA$b00$c20221221$lBLL01$h1852
=CAT  \\$aIPL-CLA$c20221231$lBLL01$h2137
=CFI  0\$aCurrent Copyright Fee: GBP25.00$c0$e01-jan-2023$fGBP25.00$g0$hA$5Uk
=CFI  2\$aPrevious Copyright Fee: GBP22.50$c0$e01-jan-2021$fGBP22.50$g0$hA$5Uk
=FIN  \\$aY$d20070606
=FMT  \\$a  SE
=LAS  \\$aIPL-CLA$b00$c20221231$lBLL01$h2137
=LEO  \\$aMP22.0000023656
=SRC  \\$aISN01$bbibmp22.200404.2.aa
=TCO  \\$aCLA$bCLA$c008

