=LDR  00900 as a22002898a 4500
=001  013802326
=003  Uk
=005  20070814171239.0
=007  ta
=008  070726c20069999enkmr\p\\\\\\\0\\\a0eng\\
=022  0\$a1755-5221$202
=040  \\$aUk$beng$cUk
=222  \0$aMearaj international
=245  00$aMearaj international.
=260  \\$aSlough :$bNisar Ahmed Saim
=263  \\$a200612
=310  \\$aMonthly
=336  \\$atext$2rdacontent
=337  \\$aunmediated$2rdamedia
=338  \\$avolume$2rdacarrier
=985  \\$aISSNUK. Still awaiting transliteration for this title. Please do not complete until this has been received. 26/7/2007.
=985  \\$a263 added to allow export of pre-pub to portal. 14.08.07 MBrook.
=CAT  \\$a11439$b40$c20070726$lBLL01$h1528
=CAT  \\$a8128$b40$c20070814$lBLL01$h1712
=FMT  \\$a  SE
=LAS  \\$a8128$b40$c20070814$lBLL01$h1712
=TCO  \\$aCLA$bCLA$c008

