=LDR  01455 as a22003737a 4500
=001  013810166
=003  Uk
=005  20140730092337.0
=006  m\\\\\\\\d\|\\\\\\
=007  c|||||||||||||
=008  070807c20029999xxufr\\\o\\\\\0\\\a0eng\\
=022  \\$a1539-0578
=040  \\$aUk$beng$cUk
=222  \0$aReading in a foreign language$b(Online)
=245  00$aReading in a foreign language$h[electronic resource]
=260  \\$aHonolulu :$bUniversity of Hawaii,$c2002-
=336  \\$atext$2rdacontent
=337  \\$acomputer$2rdamedia
=516  \\$aPDF format
=538  \\$aMode of access: Internet
=595  \\$aFormerly 7300.94.
=780  00$tReading in a foreign language$x0264-2425
=945  \\$aReading in a foreign language -electronic edition-
=979  \\$aBritish Library$cDSC$j7300.941000N
=985  \\$aISSN Centre note: linked to print record by 780/785 fields to match U. S. ISSN Center record for the online resource created before CONSER policy changed to 776 links. Please contact ISSN Centre if cataloguing this item - SF 30/7/2014.
=CAT  \\$a6490$b40$c20070807$lBLL01$h1146
=CAT  \\$a6490$b40$c20070807$lBLL01$h1151
=CAT  \\$aWR12_168$c20121206$lBLL01$h1836
=CAT  \\$a11316$b40$c20140730$lBLL01$h0923
=CAT  \\$aW1711-1225$c20171203$lBLL01$h1027
=FMT  \\$a  SE
=LAS  \\$aW1711-1225$b00$c20171203$lBLL01$h1027
=STA  \\$aSUPPRESSED$bunable to determine reason for suppression
=TCO  \\$aTRS$bCCC$c008

