=LDR  01815 as a22004457a 4500
=001  013822473
=003  Uk
=005  20200618085214.0
=006  m\\\\\\\\d\|\\\\\\
=007  cr||||||||||||
=008  070821c20089999xxcqr\p\s\\\\\0\\\a0eng\\
=022  0\$a1755-7445
=040  \\$aUk$beng$cUk
=222  \0$aInternational journal of design & nature and ecodynamics$b(Online)
=245  00$aInternational journal of design & nature and ecodynamics$h[electronic resource].
=246  3\$aInternational journal of design and nature and ecodynamics
=260  \\$aSouthampton :$bWIT Press
=264  31$32020-$aEdmonton, Canada :$bInternational Information & Engineering Technology Association
=310  \\$aQuarterly
=336  \\$atext$2rdacontent
=337  \\$acomputer$2rdamedia
=338  \\$aonline resource$2rdacarrier
=588  \\$aLatest issue consulted: volume 15, number 2 (April 2020) (viewed June 17, 2020).
=710  2\$aInternational Information & Engineering Technology Association,$eissuing body.
=776  0\$tInternational journal of design & nature and ecodynamics$c(Print)$x1755-7437
=780  04$tInternational journal of ecodynamics$c(Online)$x1743-5250
=780  04$tInternational journal of design and nature$c(Online)$x1744-3679
=856  40$uhttp://www.iieta.org/Journals/IJDNE
=985  \\$aISSN transferred to ISSN Canada (18/06/20)
=CAT  \\$a6537$b40$c20070821$lBLL01$h0943
=CAT  \\$a6537$b40$c20070821$lBLL01$h0948
=CAT  \\$a8871$b40$c20081218$lBLL01$h1406
=CAT  \\$a10806$b40$c20200129$lBLL01$h1033
=CAT  \\$a10806$b40$c20200617$lBLL01$h1413
=CAT  \\$a10806$b40$c20200617$lBLL01$h1414
=CAT  \\$a10806$b40$c20200618$lBLL01$h0852
=FIN  \\$aY$d20081218
=FMT  \\$a  SE
=LAS  \\$a10806$b40$c20200618$lBLL01$h0852
=TCO  \\$aCLA$bCLA$c008

