=LDR  00775 as a22002778a 4500
=001  013825127
=003  Uk
=005  20070822111107.0
=007  ta
=008  070822c20079999enkmr\\\\\\\\\0\\\a0eng\\
=022  0\$a1755-6635$202
=040  \\$aUk$beng$cUk
=222  \0$aCity vanguard
=245  00$aCity vanguard.
=260  \\$aNewry :$bCity Vanguard Media
=263  \\$a2000708
=310  \\$aMonthly
=336  \\$atext$2rdacontent
=337  \\$aunmediated$2rdamedia
=338  \\$avolume$2rdacarrier
=780  00$tAfrican vanguard$x1749-737X
=985  \\$aISSN UK Centre - Copy of previous title not yet received. Record has not been completed.
=CAT  \\$a11316$b40$c20070822$lBLL01$h1111
=FMT  \\$a  SE
=LAS  \\$a11316$b40$c20070822$lBLL01$h1111
=TCO  \\$aCLA$bCLA$c008

