=LDR  00889 as a22002898a 4500
=001  014055790
=003  Uk
=005  20080417120552.0
=006  m\\\\\\\\d\|\\\\\\
=007  cr||||||||||||
=008  071008c20089999enkmr\p\s\\\\\0\\\a0eng\\
=022  0\$a1756-0683$202
=040  \\$aUk$beng$cUk
=222  \0$aVeterinary letters
=245  00$aVeterinary letters.
=260  \\$aLondon :$bAlgerian Experts Association
=263  \\$a200804
=310  \\$aMonthly
=336  \\$atext$2rdacontent
=337  \\$acomputer$2rdamedia
=338  \\$aonline resource$2rdacarrier
=985  \\$aOriginally due to be published by IBScientific, London. Please see pending file for further information. ISSN UK Centre, 17/4/08
=CAT  \\$a11316$b40$c20071008$lBLL01$h1504
=CAT  \\$a11313$b40$c20080417$lBLL01$h1205
=FMT  \\$a  SE
=LAS  \\$a11313$b40$c20080417$lBLL01$h1205
=TCO  \\$aCLA$bCLA$c008

