=LDR  02359cas a22005658a 4500
=001  014471328
=003  Uk
=005  20220310134451.0
=007  ta
=008  071212c20099999enkqr\p\\\\\\\0\\\a0eng\\
=022  0\$a1756-5669$202
=040  \\$aUk$beng$cUk
=222  \0$aInternational journal of cultural management$b(Print)
=245  00$aInternational journal of cultural management (Print)
=260  \\$aOlney :$bInderscience
=263  \\$a200906
=310  \\$aQuarterly
=336  \\$atext$2rdacontent
=337  \\$aunmediated$2rdamedia
=338  \\$avolume$2rdacarrier
=540  \\$aCurrent copyright fee: GBP28.00$c48\0$5Uk
=856  \\$31850-9999$uhttp://www.inderscience.com/$xBLDSS
=945  \\$aInternational journal of cultural management.
=979  \\$aBritish Library$bDSC$j4542.180600N
=985  \\$aISSN UK Centre: Portal record has been completed by IC for Keepers - queried with publisher if published 15/12/20 ; NYP - due 2022. Asked IC to change record back to provisional status (10/3/22) - Any queries please see Donna.
=985  \\$aISSN UK Centre: see also online version, ISSN 1756-5677. Please add 776 to both records on completion.
=ACF  \\$aCurrent Copyright Fee: GBP20.00$c0$e01-jan-2011$fGBP20.00$g0$hC$5Uk
=CAT  \\$a6537$b40$c20071212$lBLL01$h1500
=CAT  \\$aBATCH-CLA$b00$c20101115$lBLL01$h1606
=CAT  \\$aIPL-CLA$c20101231$lBLL01$h1524
=CAT  \\$aBATCH-CLA$b00$c20110228$lBLL01$h1530
=CAT  \\$a5552$b40$c20110314$lBLL01$h1100
=CAT  \\$aBATCH-UPD$b40$c20110518$lBLL01$h0953
=CAT  \\$aIPL-CLA$c20110630$lBLL01$h1548
=CAT  \\$aBATCH-CLA$b00$c20121109$lBLL01$h1723
=CAT  \\$aBLDSS-3PM$b00$c20141016$lBLL01$h1329
=CAT  \\$aBATCH-UPD$b00$c20160413$lBLL01$h1822
=CAT  \\$aBATCH-UPD$b00$c20160524$lBLL01$h2244
=CAT  \\$aBATCH-UPD$b00$c20160525$lBLL01$h0509
=CAT  \\$a5552$b40$c20170509$lBLL01$h0806
=CAT  \\$a5410$b40$c20170519$lBLL01$h1533
=CAT  \\$a10973$b40$c20220310$lBLL01$h1337
=CAT  \\$a10973$b40$c20220310$lBLL01$h1344
=CFI  0\$aCurrent copyright fee: GBP28.00$c48\0$e01-jul-2011$fGBP28.00$g0$hP$5Uk
=CFI  2\$aPrevious copyright fee: GBP20.00$c48\0$e14-mar-2011$fGBP20.00$g0$hP$5Uk
=FFP  \\$aY$bBLDSS-3PM
=FMT  \\$a  SE
=LAS  \\$a10973$b40$c20220310$lBLL01$h1344
=TCO  \\$aCLA$bCLA$c008
=UNO  \\$aY

