=LDR  00916 as a22003258a 4500
=001  014491551
=003  Uk
=005  20150821105913.0
=007  ta
=008  080114c20089999enkqr\p\\\\\\\0\\\a0eng\\
=022  0\$a1756-6207$202
=040  \\$aUk$beng$cUk
=222  \0$aNeonbeam$b(Print)
=245  00$aNeonbeam (Print).
=246  3\$aNeon beam
=260  \\$aHull :$bS. Leng
=263  \\$a200803
=310  \\$aQuarterly
=336  \\$atext$2rdacontent
=337  \\$aunmediated$2rdamedia
=338  \\$avolume$2rdacarrier
=985  \\$aPrint version of ISSN 1755-0149 - please add 776 fields when completing.
=CAT  \\$a11316$b40$c20080114$lBLL01$h1214
=CAT  \\$a11316$b40$c20080114$lBLL01$h1216
=CAT  \\$aBATCH$b00$c20081124$lBLL01$h1134
=CAT  \\$a11313$b40$c20150821$lBLL01$h1059
=FMT  \\$a  SE
=LAS  \\$a11313$b40$c20150821$lBLL01$h1059
=LET  \0$aNeonbeam (Print)
=TCO  \\$aCLA$bCLA$c008

