=LDR  01050 as a22003258a 4500
=001  014514917
=003  Uk
=005  20110622131222.0
=006  m\\\\\\\\d\|\\\\\\
=007  cr||||||||||||
=008  080206c20089999enkqr\p\s\\\\\0\\\a0eng\\
=022  0\$a1756-8684$202
=040  \\$aUk$beng$cUk
=222  \0$aNeighbourhood$b(Online)
=245  00$aNeighbourhood (Online).
=246  13$aInternational journal of neighbourhood renewal
=260  \\$aLiverpool :$bEton Evaluation Consultancy
=263  \\$a200809
=310  \\$aQuarterly
=336  \\$atext$2rdacontent
=337  \\$acomputer$2rdamedia
=338  \\$aonline resource$2rdacarrier
=985  \\$aISSN UK Centre note: Online version of ISSN 1756-8676. Please add 776 fields when completing online record. ISSN UK, 22.06.2011
=CAT  \\$a11313$b40$c20080206$lBLL01$h1037
=CAT  \\$aBATCH$b00$c20081124$lBLL01$h1134
=CAT  \\$aISSN$b40$c20110622$lBLL01$h1312
=FMT  \\$a  SE
=LAS  \\$aISSN$b40$c20110622$lBLL01$h1312
=LET  \0$aNeighbourhood (Online)
=TCO  \\$aCLA$bCLA$c008

