=LDR  00819 as a22002658a 4500
=001  014577481
=003  Uk
=005  20080403104852.0
=007  ta
=008  080403c20089999enkqr\p\\\\\\\0\\\a0eng\\
=022  0\$a1757-3718$202
=040  \\$aUk$beng$cUk
=222  \0$aElite life and travel$b(Qualify)
=245  00$aElite life and travel.
=260  \\$aLondon :$bSBS World Group
=263  \\$a200808
=310  \\$aQuarterly
=336  \\$atext$2rdacontent
=337  \\$aunmediated$2rdamedia
=338  \\$avolume$2rdacarrier
=985  \\$aThis should be in English language - may have connection to Russian language version?? ISSN 1993-9663 - IC Work record on Portal. ISSN UK Centre 3/4/08
=CAT  \\$a11313$b40$c20080403$lBLL01$h1048
=FMT  \\$a  SE
=LAS  \\$a11313$b40$c20080403$lBLL01$h1048
=TCO  \\$aCLA$bCLA$c008

