=LDR  01007 as a22003138a 4500
=001  014599686
=003  Uk
=005  20091119161112.0
=007  ta
=008  080428c20109999enkar\p\\\\\\\0\\\a0eng\\
=022  0\$a1757-6377$202
=040  \\$aUk$beng$cUk
=222  \0$aDisorder magazine. Graduate Fashion Week supplement
=245  00$aDisorder magazine.$pGraduate Fashion Week supplement
=246  30$aGraduate Fashion Week supplement
=260  \\$aLondon :$bEat Me Media
=263  \\$a201006
=310  \\$aAnnual
=336  \\$atext$2rdacontent
=337  \\$aunmediated$2rdamedia
=338  \\$avolume$2rdacarrier
=772  0\$tDisorder magazine$x1477-6367
=985  \\$aUsed to come out as a supplement to Disorder magazine. From 2008 to be published as a stand alone magazine.
=985  \\$aPlease pass to ISSN on arrival
=CAT  \\$a6537$b40$c20080428$lBLL01$h1137
=CAT  \\$a11130$b40$c20091119$lBLL01$h1611
=FMT  \\$a  SE
=LAS  \\$a11130$b40$c20091119$lBLL01$h1611
=TCO  \\$aCLA$bCLA$c008

