=LDR  02476 as a2200625 a 4500
=001  014644863
=003  Uk
=005  20131219143001.0
=006  m\\\\\\\\d\|\\\\\\
=007  cr||||||||||||
=008  080613d200320uustkar\\\ss\\\o0\\\a0eng\\
=015  \\$aGBA877013$2bnb
=040  \\$aUk$beng$cUk
=042  \\$aukblsr
=082  04$a371.0209411021$222
=245  00$aIndependent school census ...$h[electronic resource].
=260  \\$a[Edinburgh] :$bScottish Executive,$c2006-
=260  3\$32008-$aEdinburgh :$bScottish Government,$c2004-
=310  \\$aAnnual
=336  \\$atext$2rdacontent
=337  \\$acomputer$2rdamedia
=338  \\$aonline resource$2rdacarrier
=362  0\$a2003-
=362  1\$aCeased in 2009?
=490  1\$aStatistics publication notice. Education series,$x1479-7569
=490  1\$aStatistical publication notice
=500  \\$a2007 issue has series title: Statistical publication notice.
=500  \\$aTitle from PDF caption (publisher's Web site, viewed 13 June 2008).
=500  \\$aLatest issue consulted: 2007.
=538  \\$aMode of access: World Wide Web.
=538  \\$aSystem requirements: Adobe Acrobat Reader.
=550  \\$a"A Scottish Executive National Statistics publication"; subsequently "A National Statistics publication for Scotland".
=650  \0$aPrivate schools$zScotland$vStatistics$vPeriodicals.
=710  1\$aScotland.$bScottish Executive.
=710  1\$aScotland.$bScottish Government.
=710  2\$aUK Statistics Authority.
=830  \0$aStatistics publication notice. Education series,$x1479-7569
=830  \0$aStatistical publication notice
=856  4\$uhttp://www.scotland.gov.uk/Publications/Recent$zFollow links to resource
=985  \\$anot sure yet if series title changed or is typo; ISSN implications if changed
=CAT  \\$a3072$b40$c20080613$lBLL01$h1518
=CAT  \\$a3072$b40$c20080613$lBLL01$h1521
=CAT  \\$a3072$b40$c20080613$lBLL01$h1523
=CAT  \\$aBATCH$b00$c20091217$lBLL01$h0529
=CAT  \\$aBATCH$b00$c20100103$lBLL01$h1321
=CAT  \\$a7778$b40$c20131219$lBLL01$h1430
=CAT  \\$aWR14_140$c20140905$lBLL01$h1819
=CAT  \\$a5194$b40$c20161013$lBLL01$h1133
=CAT  \\$aBATCH-UPD$b40$c20161013$lBLL01$h1135
=CAT  \\$aW1711-1225$c20171203$lBLL01$h1030
=FIN  \\$aY$d20080613
=FMT  \\$a  SE
=LAS  \\$aW1711-1225$b00$c20171203$lBLL01$h1030
=STA  \\$aSUPPRESSED$bunable to determine reason for suppression
=TCO  \\$aCLA$bCLA$c008

