=LDR  01082cas a22003378a 4500
=001  014659065
=003  Uk
=005  20220805073803.0
=006  m\\\\\\\\d\|\\\\\\
=007  co||||||||||||
=008  080703c20099999enkfr\p\s\\\\\0\\\a0eng\\
=022  0\$a1758-1370$202
=040  \\$aUk$beng$cUk
=222  \0$aEuropean psychiatric review$b(CD-ROM)
=245  00$aEuropean psychiatric review (CD-ROM).
=260  \\$aLondon :$bTouch Briefings
=263  \\$a200905
=310  \\$aSemiannual
=336  \\$atext$2rdacontent
=337  \\$acomputer$2rdamedia
=338  \\$acomputer disc$2rdacarrier
=985  \\$aISSN UK Centre: see also print and online format versions and add 776 as required on completion.
=CAT  \\$a11313$b40$c20080703$lBLL01$h1159
=CAT  \\$aBATCH$b00$c20081124$lBLL01$h1135
=CAT  \\$a11130$b40$c20090420$lBLL01$h0908
=CAT  \\$a10973$b40$c20220805$lBLL01$h0737
=CAT  \\$a10973$b40$c20220805$lBLL01$h0738
=FMT  \\$a  SE
=LAS  \\$a10973$b40$c20220805$lBLL01$h0738
=LET  \0$aEuropean psychiatric review (CD-ROM)
=TCO  \\$aCLA$bCLA$c008

