=LDR  01788 as a2200493 a 4500
=001  014693402
=003  Uk
=005  20120418090753.0
=007  ta
=008  080814u200uuuuuenkwr\n\\\\\\\0\\\a0eng\\
=015  \\$aGBA899789$2bnb
=040  \\$aUk$beng$cUk
=042  \\$aukblsr
=082  04$a072.294$222
=245  00$aTwyford times.
=246  17$aTimes
=260  \\$aWokingham :$bWokingham Times
=300  \\$av. :$bill., ports.
=310  \\$aWeekly
=336  \\$atext$2rdacontent
=337  \\$aunmediated$2rdamedia
=338  \\$avolume$2rdacarrier
=500  \\$aDescription based on: Jan. 29, 2003 issue.
=525  \\$aAccompanied by supplement with title: The property paper.
=651  \0$aTwyford (Berkshire, England)$vNewspapers.
=651  \0$aWokingham (England)$vNewspapers.
=740  42$aThe property paper.
=752  \\$aEngland$bBerkshire$dWokingham.$2blnpn
=866  \0$aNewspaper Library: Jan. 29, 2003-2008 ; Print issues are not available for conservation reasons where an alternative format exists. See separate record for microfilm holdings
=985  \\$aSee also Issn record for 1362-8666. Not clear whether this relates to this title run
=CAT  \\$a8323$b40$c20080814$lBLL01$h0822
=CAT  \\$a8323$b40$c20080814$lBLL01$h0827
=CAT  \\$a8323$b40$c20080814$lBLL01$h1003
=CAT  \\$a8323$b40$c20080814$lBLL01$h1025
=CAT  \\$a8323$b40$c20080814$lBLL01$h1030
=CAT  \\$a8323$b40$c20080819$lBLL01$h1333
=CAT  \\$a8201$b40$c20120418$lBLL01$h0907
=CAT  \\$aWR14_140$c20140905$lBLL01$h1819
=FIN  \\$aY$d20080814
=FMT  \\$a  SE
=LAS  \\$aWR14_140$b00$c20140905$lBLL01$h1819
=LKR  \\$aPAR$b013920865$lBLL01$nTwyford times (Microfilm)$mTwyford times (Print)$r776
=NID  \\$aNID0024544
=TCO  \\$aCLA$bCLA$c008

