=LDR  01359 as a22003738a 4500
=001  014752990
=003  Uk
=005  20150616104731.0
=006  m\\\\\\\\d\|\\\\\\
=007  co||||||||||||
=008  080915c20109999enkfr\p\s\\\\\0\\\a0eng\\
=022  0\$a1758-9487$202
=040  \\$aUk$beng$cUk
=222  \0$aEuropean gastroenterology & hepatology review$b(CD-ROM)
=245  00$aEuropean gastroenterology & hepatology review (CD-ROM).
=246  3\$aEuropean gastroenterology and hepatology review
=260  \\$aLondon :$bTouch Briefings
=263  \\$a201012
=310  \\$aSemiannual
=336  \\$atext$2rdacontent
=337  \\$acomputer$2rdamedia
=338  \\$acomputer disc$2rdacarrier
=985  \\$aISSN UK Centre note: CD-ROM version of print ISSN 1758-3799 and online ISSN 1758-3802 - please add 776 fields when completing. ISSN UK, 16.06.2015
=985  \\$aNot published as version of previous title.
=CAT  \\$a11316$b40$c20080915$lBLL01$h1410
=CAT  \\$a11316$b40$c20080915$lBLL01$h1412
=CAT  \\$aBATCH$b00$c20081124$lBLL01$h1136
=CAT  \\$a11130$b40$c20090420$lBLL01$h0858
=CAT  \\$a11130$b40$c20100421$lBLL01$h0827
=CAT  \\$a11313$b40$c20150616$lBLL01$h1047
=FMT  \\$a  SE
=LAS  \\$a11313$b40$c20150616$lBLL01$h1047
=LET  \0$aEuropean gastroenterology & hepatology review (CD-ROM)
=TCO  \\$aCLA$bCLA$c008

