=LDR  01141 as a22003498a 4500
=001  014756954
=003  Uk
=005  20110712163207.0
=007  ta
=008  080918c20089999enkar\p\\\\\\\0\\\a0eng\\
=022  0\$a1759-0515$202
=040  \\$aUk$beng$cUk
=222  \0$aEnquiry$b(Qualify. Print)
=245  00$aEnquiry :$bthe ACES journal of undergraduate research.
=246  30$aACES journal of undergraduate research
=260  \\$aSheffield :$bSheffield Hallam University
=263  \\$a200812
=310  \\$aAnnual
=336  \\$atext$2rdacontent
=337  \\$aunmediated$2rdamedia
=338  \\$avolume$2rdacarrier
=710  2\$aSheffield Hallam University.
=776  0\$tEnquiry$c(Qualify. Online)$x1759-6734
=985  \\$aAlso published online (Aleph no. 014835906 ISSN 1759-6734. Please add 776 fields when completing.12/07/11.
=CAT  \\$a6537$b40$c20080918$lBLL01$h1440
=CAT  \\$a6537$b40$c20081125$lBLL01$h1104
=CAT  \\$a6537$b40$c20081125$lBLL01$h1153
=CAT  \\$a11315$b40$c20110712$lBLL01$h1632
=FMT  \\$a  SE
=LAS  \\$a11315$b40$c20110712$lBLL01$h1632
=LET  \0$aEnquiry (Print)
=TCO  \\$aCLA$bCLA$c008

