=LDR  01941 as a2200517 a 4500
=001  014791608
=003  Uk
=005  20091203151650.0
=007  ta
=008  081103d20072007enkar\p\\\\\\\0\\\a0eng\\
=015  \\$aGBA8C5264$2bnb
=022  0\$a1759-3344
=040  \\$aUk$beng$cUk$dUk
=042  \\$aukblsr
=082  04$a333.7094105$222
=110  1\$aGreat Britain.$bDepartment for Work and Pensions.
=222  \0$aSustainable development ... annual report + action plan ...
=245  10$aSustainable development ... annual report + action plan ... /$cDepartment for Work and Pensions.
=246  17$aSustainable development annual report
=260  \\$aLeeds :$bDepartment for Work and Pensions,$c2007.
=300  \\$a1 v. :$bcol. ill. ;$c20 x 26 cm.
=310  \\$aAnnual
=336  \\$atext$2rdacontent
=337  \\$aunmediated$2rdamedia
=338  \\$avolume$2rdacarrier
=362  0\$a2007.
=530  \\$aAlso issued online.
=610  10$aGreat Britain.$bDepartment for Work and Pensions$vPeriodicals.
=650  \0$aSustainable development$zGreat Britain$vPeriodicals.
=985  \\$aISSN UK Centre note: ISSN suppressed in favour of ISSN 1750-4058. Double assignment. Cancellation and record suppression in progress - SF 3.12.09
=985  \\$aRecord amended for WR# 13/070
=CAT  \\$a5997$b40$c20081103$lBLL01$h1037
=CAT  \\$a5997$b40$c20081103$lBLL01$h1038
=CAT  \\$a5997$b40$c20081104$lBLL01$h0902
=CAT  \\$aBATCH$b00$c20081124$lBLL01$h1136
=CAT  \\$a8124$b40$c20091202$lBLL01$h0913
=CAT  \\$a8124$b40$c20091202$lBLL01$h0915
=CAT  \\$a11316$b40$c20091203$lBLL01$h1516
=CAT  \\$aWR13_070$b00$c20130504$lBLL01$h0307
=CAT  \\$aBATCH-UPD$b00$c20130506$lBLL01$h0938
=CAT  \\$aWR13_070C$c20130611$lBLL01$h1855
=CAT  \\$aWR14_140$c20140905$lBLL01$h1820
=FIN  \\$aY$d20081104
=FMT  \\$a  SE
=LAS  \\$aWR14_140$b00$c20140905$lBLL01$h1820
=TCO  \\$aCLA$bCLA$c008

