=LDR  00805 as a22002778a 4500
=001  014854400
=003  Uk
=005  20081211094249.0
=007  ta
=008  081211c\\\\9999xxk\\\\\\\\\\\0\\\a0eng\\
=022  0\$a0261-801X$202
=040  \\$aUk$beng$cUk
=222  \0$aHeruteu
=245  00$aHeruteu.
=260  \\$a[S.l.] :$bHartlepool Archaeological and Historical Society
=336  \\$atext$2rdacontent
=337  \\$aunmediated$2rdamedia
=338  \\$avolume$2rdacarrier
=985  \\$aISSN suppressed. Double assignment with ISSN 0260-7689
=985  \\$aPlease do not merge this record.
=CAT  \\$a6537$b40$c20081211$lBLL01$h0942
=CAT  \\$aBATCH-UPD$b40$c20121030$lBLL01$h1628
=FMT  \\$a  SE
=LAS  \\$aBATCH-UPD$b40$c20121030$lBLL01$h1628
=STA  \\$aSUPPRESSED$bISSN
=TCO  \\$aCLA$bCLA$c008

