=LDR  00830 as a22002658a 4500
=001  014859240
=003  Uk
=005  20081218115853.0
=007  ta
=008  081218c\\\\9999xxk\\\\\\\\\\\0\\\a0eng\\
=022  0\$a1759-8400$202
=040  \\$aUk$beng$cUk
=222  \0$aCarrick herald and Ayr advertiser
=245  00$aCarrick herald and Ayr advertiser.
=260  \\$aArdrossan :$bAyrshire Weekly Press
=336  \\$atext$2rdacontent
=337  \\$aunmediated$2rdamedia
=338  \\$avolume$2rdacarrier
=985  \\$aISSN cancelled 18/12/08. Double assignment with ISSN 1358-4308.
=CAT  \\$a11316$b40$c20081218$lBLL01$h1158
=CAT  \\$aW1711-1225$c20171203$lBLL01$h1032
=FMT  \\$a  SE
=LAS  \\$aW1711-1225$b00$c20171203$lBLL01$h1032
=STA  \\$aSUPPRESSED$bunable to determine reason for suppression
=TCO  \\$aCLA$bCLA$c008

