=LDR  01948 as a2200469 a 4500
=001  014879135
=003  Uk
=005  20120213094510.0
=008  090115u19uuuuuuenkwr\n\\\\\\\0\\\a0eng\\
=015  \\$aGBA905152$2bnb
=040  \\$aUk$beng$cUk
=042  \\$aukblsr
=082  04$a072.219$222
=245  00$aFarnham post gazette.
=246  17$aPost gazette and advertiser
=260  \\$aFarnham :$bAlton Gazette Ltd
=300  \\$av. :$bill., ports.
=310  \\$aWeekly
=336  \\$atext$2rdacontent
=337  \\$aunmediated$2rdamedia
=338  \\$avolume$2rdacarrier
=500  \\$a"Incorporating the Post dispatch, Alton gazette, and East Hants observer".
=500  \\$aDescription based on: Aug. 10, 2005 issue.
=500  \\$aLatest issue consulted: Dec. 21, 2005.
=651  \0$aFarnham (Surrey, England)$vNewspapers.
=651  \0$aSurrey (England)$vNewspapers.
=752  \\$aEngland$bSurrey$dFarnham.$2blnpn
=866  \\$aNewspaper Library: [Aug. 10, 2005-2008] ; Print issues are not available for conservation reasons where an alternative format exists. See separate record for microfilm holdings
=985  \\$aUnable to accurately map previous titles (not sure what the "etc." refers to in Alton gazette title (013893011)). Also ISSN record for Alton gazette (010820047) has a totally different start date to NPL record, therefore unable to merge.
=CAT  \\$a5997$b40$c20090115$lBLL01$h1118
=CAT  \\$a5997$b40$c20090115$lBLL01$h1250
=CAT  \\$aWR11_021$c20111124$lBLL01$h1529
=CAT  \\$aWR11_021$c20111124$lBLL01$h1535
=CAT  \\$a8201$b40$c20120213$lBLL01$h0943
=CAT  \\$a8201$b40$c20120213$lBLL01$h0945
=CAT  \\$aWR14_140$c20140905$lBLL01$h1821
=FIN  \\$aY$d20090115
=FMT  \\$a  SE
=LAS  \\$aWR14_140$b00$c20140905$lBLL01$h1821
=LKR  \\$aPAR$b014879130$lBLL01$nFarnham post gazette (Microfilm)$mFarnham post gazette (Print)$r776
=NID  \\$aNID0033390
=TCO  \\$aCLA$bCLA$c008

