=LDR  01803 as a2200469 a 4500
=001  014885870
=003  Uk
=005  20090122112201.0
=006  m\\\\\\\\d\|\\\\\\
=007  co||||||||||||
=008  090122c200u9999ua\uu\\\s\\\\\0\\\a0eng\\
=040  \\$aUk$beng$cUk
=042  \\$aukblsr
=082  04$a636.50096205$222
=130  0\$aEgyptian poultry science journal (CD-ROM)
=245  10$aEgyptian poultry science journal$h[electronic resource].
=246  1\$iTitle bar and contents page title :$aEgypt poultry science journal
=260  \\$aAlexandria :$bEgyptian Poultry Science Association, Faculty of Agriculture
=300  \\$aCD-ROMs ;$c4 3/4 in.
=336  \\$atext$2rdacontent
=337  \\$acomputer$2rdamedia
=338  \\$acomputer disc$2rdacarrier
=500  \\$aDescription based on: Vol. 20-27; title from insert.
=515  \\$aVol. 20-27 covers year 2000 to year 2007.
=516  \\$aIn PDF format.
=530  \\$aAlso issued in print format and online.
=538  \\$aSystem requirements: IBM compatible PC; Windows.
=650  \0$aPoultry$vPeriodicals.
=650  \0$aPoultry industry$zEgypt$vPeriodicals.
=710  2\$aEgyptian Poultry Science Association.
=776  1\$tEgyptian poultry science journal$x1110-5623
=985  \\$anot sure if this is a one-off archive issue or not; starts in middle of the run, so might be more.
=985  \\$anew body; in English on publication and web site, but Arabic form on print ISSN rec
=CAT  \\$a3072$b40$c20090122$lBLL01$h1028
=CAT  \\$a3072$b40$c20090122$lBLL01$h1030
=CAT  \\$a3072$b40$c20090122$lBLL01$h1107
=CAT  \\$a3072$b40$c20090122$lBLL01$h1122
=CAT  \\$a12179$b40$c20090423$lBLL01$h0816
=FIN  \\$aY$d20090122
=FMT  \\$a  SE
=LAS  \\$a12179$b40$c20090423$lBLL01$h0816
=TCO  \\$aXXX$c008

