=LDR  01003 as a22003018a 4500
=001  014940756
=003  Uk
=005  20091221100655.0
=006  m\\\\\\\\d\|\\\\\\
=007  cr||||||||||||
=008  090326c20109999enkbr\p\s\\\\\0\\\a0eng\\
=022  0\$a2040-4948$202
=040  \\$aUk$beng$cUk
=222  \0$aLean management journal$b(Online)
=245  00$aLean management journal (Online).
=260  \\$aLondon :$bSayOne Media
=263  \\$a201012
=310  \\$aBimonthly
=336  \\$atext$2rdacontent
=337  \\$acomputer$2rdamedia
=338  \\$aonline resource$2rdacarrier
=985  \\$aISSN UK Centre note: Online version of ISSN 2040-493X (completed). 776 fields removed as no online version at present. Please add when completing this record. ISSN UK, 21.12.2009
=CAT  \\$a11316$b40$c20090326$lBLL01$h1621
=CAT  \\$a11313$b40$c20091221$lBLL01$h1006
=FMT  \\$a  SE
=LAS  \\$a11313$b40$c20091221$lBLL01$h1006
=LET  \0$aLean management journal (Online)
=TCO  \\$aCLA$bCLA$c008

