=LDR  00879 as a22003018a 4500
=001  015105540
=003  Uk
=005  20181019133540.0
=007  ta
=008  090402c20099999enkfr\p\\\\\\\0\\\a0eng\\
=022  0\$a2040-6738$202
=040  \\$aUk$beng$cUk
=222  \0$aInsight cancer research$b(Print)
=245  00$aInsight cancer research.
=260  \\$aLondon :$bInsight Knowledge Limited
=263  \\$a200905
=310  \\$aSemiannual
=336  \\$atext$2rdacontent
=337  \\$aunmediated$2rdamedia
=338  \\$avolume$2rdacarrier
=985  \\$aPlease link to ISSN 2040-6746 (Online) on completion
=CAT  \\$a11315$b40$c20090402$lBLL01$h0849
=CAT  \\$a10806$b40$c20181011$lBLL01$h1336
=CAT  \\$a11313$b40$c20181019$lBLL01$h1335
=FMT  \\$a  SE
=LAS  \\$a11313$b40$c20181019$lBLL01$h1335
=LET  \0$aInsight cancer research (Print)
=TCO  \\$aCLA$bCLA$c008

