=LDR  00888 as a22003018a 4500
=001  015105556
=003  Uk
=005  20181019133548.0
=007  ta
=008  090402c20099999enkfr\p\\\\\\\0\\\a0eng\\
=022  0\$a2040-7033$202
=040  \\$aUk$beng$cUk
=222  \0$aInsight biomedical science$b(Print)
=245  00$aInsight biomedical science.
=260  \\$aLondon :$bInsight Knowledge Limited
=263  \\$a200905
=310  \\$aSemiannual
=336  \\$atext$2rdacontent
=337  \\$aunmediated$2rdamedia
=338  \\$avolume$2rdacarrier
=985  \\$aPlease link to ISSN 2040-7041 (Online) on completion
=CAT  \\$a11315$b40$c20090402$lBLL01$h0915
=CAT  \\$a10806$b40$c20181011$lBLL01$h1356
=CAT  \\$a11313$b40$c20181019$lBLL01$h1335
=FMT  \\$a  SE
=LAS  \\$a11313$b40$c20181019$lBLL01$h1335
=LET  \0$aInsight biomedical science (Print)
=TCO  \\$aCLA$bCLA$c008

