=LDR  00977 as a22003138a 4500
=001  015105573
=003  Uk
=005  20181019133615.0
=007  ta
=008  090402c20099999enkfr\p\\\\\\\0\\\a0eng\\
=022  0\$a2040-705X$202
=040  \\$aUk$beng$cUk
=222  \0$aInsight pharmaceutical sciences$b(Print)
=245  00$aInsight pharmaceutical sciences.
=260  \\$aLondon :$bInsight Knowledge Limited
=263  \\$a200905
=310  \\$aSemiannual
=336  \\$atext$2rdacontent
=337  \\$aunmediated$2rdamedia
=338  \\$avolume$2rdacarrier
=985  \\$aPlease link to completed online record on completion, ISSN 2040-7068 (Online)
=CAT  \\$a11315$b40$c20090402$lBLL01$h0929
=CAT  \\$a10806$b40$c20181011$lBLL01$h0918
=CAT  \\$a10806$b40$c20181011$lBLL01$h0919
=CAT  \\$a11313$b40$c20181019$lBLL01$h1336
=FMT  \\$a  SE
=LAS  \\$a11313$b40$c20181019$lBLL01$h1336
=LET  \0$aInsight pharmaceutical sciences (Print)
=TCO  \\$aCLA$bCLA$c008

