=LDR  00864 as a22002898a 4500
=001  015105598
=003  Uk
=005  20180824141237.0
=007  ta
=008  090402c20099999enkfr\p\\\\\\\0\\\a0eng\\
=022  0\$a2040-7076$202
=040  \\$aUk$beng$cUk
=222  \0$aInsight stem cell research$b(Print)
=245  00$aInsight stem cell research (Print)
=260  \\$aLondon :$bInsight Knowledge Limited
=263  \\$a200905
=310  \\$aSemiannual
=336  \\$atext$2rdacontent
=337  \\$aunmediated$2rdamedia
=338  \\$avolume$2rdacarrier
=985  \\$aAdd 776 link to completed online record on completion (ISSN 2040-7084)
=CAT  \\$a11315$b40$c20090402$lBLL01$h1001
=CAT  \\$a10806$b40$c20180824$lBLL01$h1412
=FMT  \\$a  SE
=LAS  \\$a10806$b40$c20180824$lBLL01$h1412
=LET  \0$aInsight stem cell research (Print)
=TCO  \\$aCLA$bCLA$c008

