=LDR  01113 as a22003378a 4500
=001  015106935
=003  Uk
=005  20210602074458.0
=006  m\\\\\\\\d\|\\\\\\
=007  cr||||||||||||
=008  090403c20129999enkqr\p\s\\\\\0\\\a0eng\\
=022  0\$a2040-5456
=040  \\$aUk$beng$cUk
=222  \0$aVisual methodologies$b(Online)
=245  00$aVisual methodologies (Online).
=260  \\$aLondon :$bEducational Travel Foundation
=263  \\$a201207
=310  \\$aQuarterly
=336  \\$atext$2rdacontent
=337  \\$acomputer$2rdamedia
=338  \\$aonline resource$2rdacarrier
=985  \\$aISSN UK Centre: transferred as prepublication record to ISSN Switzerland for completion. Published by METLAB in Switzerland 2/6/2021 DLW.
=CAT  \\$a11316$b40$c20090403$lBLL01$h1039
=CAT  \\$a11130$b40$c20100510$lBLL01$h1354
=CAT  \\$a11130$b40$c20110930$lBLL01$h0948
=CAT  \\$a10973$b40$c20210601$lBLL01$h0812
=CAT  \\$a10973$b40$c20210602$lBLL01$h0744
=FMT  \\$a  SE
=LAS  \\$a10973$b40$c20210602$lBLL01$h0744
=LET  \0$aVisual methodologies (Online)
=TCO  \\$aCLA$bCLA$c008

