=LDR  00896 as a22003018a 4500
=001  015119570
=003  Uk
=005  20140407134704.0
=007  ta
=008  090424c20119999enkfr\p\\\\\\\0\\\a0eng\\
=022  0\$a2040-8331$202
=040  \\$aUk$beng$cUk
=222  \0$aInsight biotechnology$b(Print)
=245  00$aInsight biotechnology (Print)
=260  \\$aLondon :$bInsight Knowledge
=263  \\$a201104
=310  \\$aSemi-annual
=336  \\$atext$2rdacontent
=337  \\$aunmediated$2rdamedia
=338  \\$avolume$2rdacarrier
=985  \\$aISSN UK: please add 776 to online when catalogued (ISSN (Online) 2040-834X)
=CAT  \\$a11315$b40$c20090424$lBLL01$h1152
=CAT  \\$a11130$b40$c20110328$lBLL01$h1509
=CAT  \\$a10806$b40$c20140407$lBLL01$h1347
=FMT  \\$a  SE
=LAS  \\$a10806$b40$c20140407$lBLL01$h1347
=LET  \0$aInsight biotechnology (Print)
=TCO  \\$aCLA$bCLA$c008

