=LDR  00895 as a22003018a 4500
=001  015119615
=003  Uk
=005  20140403135708.0
=007  ta
=008  090424c20119999enkfr\p\\\\\\\0\\\a0eng\\
=022  0\$a2040-8358$202
=040  \\$aUk$beng$cUk
=222  \0$aInsight immunology$b(Print)
=245  00$aInsight immunology (Print)
=260  \\$aLondon :$bInsight Knowledge
=263  \\$a201104
=310  \\$aSemi-annual
=336  \\$atext$2rdacontent
=337  \\$aunmediated$2rdamedia
=338  \\$avolume$2rdacarrier
=985  \\$aISSN UK note: Please link to completed online record on completion (ISSN 2040-8366)
=CAT  \\$a11315$b40$c20090424$lBLL01$h1316
=CAT  \\$a11130$b40$c20110328$lBLL01$h1510
=CAT  \\$a10806$b40$c20140403$lBLL01$h1357
=FMT  \\$a  SE
=LAS  \\$a10806$b40$c20140403$lBLL01$h1357
=LET  \0$aInsight immunology (Print)
=TCO  \\$aCLA$bCLA$c008

