=LDR  00901 as a22003138a 4500
=001  015119672
=003  Uk
=005  20181019134948.0
=007  ta
=008  090424c20119999enkfr\p\\\\\\\0\\\a0eng\\
=022  0\$a2040-8420$202
=040  \\$aUk$beng$cUk
=222  \0$aInsight medicine$b(Print)
=245  00$aInsight medicine.
=260  \\$aLondon :$bInsight Knowledge
=263  \\$a201104
=310  \\$aSemi-annual
=336  \\$atext$2rdacontent
=337  \\$aunmediated$2rdamedia
=338  \\$avolume$2rdacarrier
=985  \\$aPlease link to ISSN 2040-8439 (Online) on completion.
=CAT  \\$a11315$b40$c20090424$lBLL01$h1434
=CAT  \\$a11130$b40$c20110328$lBLL01$h1522
=CAT  \\$a10806$b40$c20181011$lBLL01$h1121
=CAT  \\$a11313$b40$c20181019$lBLL01$h1349
=FMT  \\$a  SE
=LAS  \\$a11313$b40$c20181019$lBLL01$h1349
=LET  \0$aInsight medicine (Print)
=TCO  \\$aCLA$bCLA$c008

