=LDR  01001 as a22003138a 4500
=001  015119710
=003  Uk
=005  20190121102446.0
=007  ta
=008  090424c20119999enkfr\p\\\\\\\0\\\a0eng\\
=022  0\$a2040-8447$202
=040  \\$aUk$beng$cUk
=222  \0$aInsight nanotechnology$b(Print)
=245  00$aInsight nanotechnology (Print)
=260  \\$aLondon :$bInsight Knowledge
=263  \\$a201104
=310  \\$aSemi-annual
=336  \\$atext$2rdacontent
=337  \\$aunmediated$2rdamedia
=338  \\$avolume$2rdacarrier
=985  \\$aISSN UK Centre note: See Online record, ISSN 2040-8455 - please add 776 links when completing print record. ISSN UK, 21.01.2019.
=CAT  \\$a11315$b40$c20090424$lBLL01$h1511
=CAT  \\$a11130$b40$c20110328$lBLL01$h1523
=CAT  \\$a11313$b40$c20190121$lBLL01$h1022
=CAT  \\$a11313$b40$c20190121$lBLL01$h1024
=FMT  \\$a  SE
=LAS  \\$a11313$b40$c20190121$lBLL01$h1024
=LET  \0$aInsight nanotechnology (Print)
=TCO  \\$aCLA$bCLA$c008

