=LDR  00863 as a22003018a 4500
=001  015171871
=003  Uk
=005  20181019133721.0
=007  ta
=008  090424c20099999enkfr\p\\\\\\\0\\\a0eng\\
=022  0\$a2041-0409$202
=040  \\$aUk$beng$cUk
=222  \0$aInsight biochemistry$b(Print)
=245  00$aInsight biochemistry.
=260  \\$aLondon :$bInsight Knowledge
=263  \\$a200906
=310  \\$aSemiannual
=336  \\$atext$2rdacontent
=337  \\$aunmediated$2rdamedia
=338  \\$avolume$2rdacarrier
=985  \\$aPlease link to ISSN 2041-0417 (Online) on completion.
=CAT  \\$a10806$b40$c20090429$lBLL01$h1121
=CAT  \\$a10806$b40$c20181011$lBLL01$h1428
=CAT  \\$a11313$b40$c20181019$lBLL01$h1337
=FMT  \\$a  SE
=LAS  \\$a11313$b40$c20181019$lBLL01$h1337
=LET  \0$aInsight biochemistry (Print)
=TCO  \\$aCLA$bCLA$c008

