=LDR  01175 as a22003138a 4500
=001  015172273
=003  Uk
=005  20140814094522.0
=007  ta
=008  090430c20099999enkfr\p\\\\\\\0\\\a0eng\\
=022  0\$a2041-0484$202
=040  \\$aUk$beng$cUk
=222  \0$aResearch journal of environmental and earth sciences$b(Print)
=245  00$aResearch journal of environmental and earth sciences (Print)
=260  \\$aLondon :$bWidenet Publication
=263  \\$a200906
=310  \\$aSemi-annual
=336  \\$atext$2rdacontent
=337  \\$aunmediated$2rdamedia
=338  \\$avolume$2rdacarrier
=985  \\$aISSN UK: Publisher name changed from Widenet Publication to Maxwell Scientific Orgnaization (Organization). See ISSN pre-pub file for further details. ISSN UK, 23.07.2009. See ISSN 2041-0492 for online version.
=CAT  \\$a11315$b40$c20090430$lBLL01$h0921
=CAT  \\$a11313$b40$c20090723$lBLL01$h1049
=CAT  \\$a11316$b40$c20140716$lBLL01$h1033
=CAT  \\$a11313$b40$c20140814$lBLL01$h0945
=FMT  \\$a  SE
=LAS  \\$a11313$b40$c20140814$lBLL01$h0945
=LET  \0$aResearch journal of environmental and earth sciences (Print)
=TCO  \\$aCLA$bCLA$c008

