=LDR  00965 as a22003138a 4500
=001  015173267
=003  Uk
=005  20091119142024.0
=007  ta
=008  090501c20099999enkfr\p\\\\\\\0\\\a0eng\\
=022  0\$a2041-0921$202
=040  \\$aUk$beng$cUk
=222  \4$aThe fbe buzz$b(Print)
=245  04$aThe fbe buzz (Print)
=260  \\$aNottingham :$bForum for the Built Environment
=263  \\$a200905
=310  \\$aSemi-annual
=336  \\$atext$2rdacontent
=337  \\$aunmediated$2rdamedia
=338  \\$avolume$2rdacarrier
=776  0\$tfbe buzz$c(Online)$x2041-093X
=985  \\$aPlanned change of title from: fbenews, ISSN 1753-5603. No 78X fields due to problems with portal. 19/11/09.
=CAT  \\$a11315$b40$c20090501$lBLL01$h1323
=CAT  \\$a11313$b40$c20091119$lBLL01$h1411
=CAT  \\$a11205$b40$c20091119$lBLL01$h1420
=FMT  \\$a  SE
=LAS  \\$a11205$b40$c20091119$lBLL01$h1420
=LET  \4$aThe fbe buzz (Print)
=TCO  \\$aCLA$bCLA$c008

