=LDR  00803 as a22002778a 4500
=001  015176752
=003  Uk
=005  20090506143948.0
=007  ta
=008  090506c20099999enkmr\p\\\\\\\0\\\a0eng\\
=022  0\$a2041-1324$202
=040  \\$aUk$beng$cUk
=222  \0$aQ$b(London. Travel ed.)
=245  00$aQ (Travel ed.).
=260  \\$aLondon :$bBauer Consumer
=263  \\$a200905
=310  \\$aMonthly
=336  \\$atext$2rdacontent
=337  \\$aunmediated$2rdamedia
=338  \\$avolume$2rdacarrier
=985  \\$aTravel ed. of Q (London) ISSN 0955-4955. Likely to be L7 although content may vary from the main edition.
=CAT  \\$a11316$b40$c20090506$lBLL01$h1438
=CAT  \\$a11316$b40$c20090506$lBLL01$h1439
=FMT  \\$a  SE
=LAS  \\$a11316$b40$c20090506$lBLL01$h1439
=TCO  \\$aCLA$bCLA$c008

