=LDR  00926 as a22002778a 4500
=001  015246531
=003  Uk
=005  20090518133151.0
=007  ta
=008  090518c20099999enktr\p\\\\\\\0\\\a0eng\\
=022  0\$a2041-1138$202
=040  \\$aUk$beng$cUk
=222  \0$aOuroboros review$b(Print)
=245  00$aOuroboros review.
=260  \\$aWalton-on-Thames :$bPindrop Press
=263  \\$a200907
=310  \\$aThree issues yearly
=336  \\$atext$2rdacontent
=337  \\$aunmediated$2rdamedia
=338  \\$avolume$2rdacarrier
=985  \\$aISSN UK: 776 fields not included because of complications on portal between register and work records - please add linking fields when completing print record (Online ISSN: 2040-5782) (Richard, 18/05/09)
=CAT  \\$a10806$b40$c20090518$lBLL01$h1315
=CAT  \\$a10806$b40$c20090518$lBLL01$h1331
=FMT  \\$a  SE
=LAS  \\$a10806$b40$c20090518$lBLL01$h1331
=TCO  \\$aCLA$bCLA$c008

