=LDR  01130 as a22003138a 4500
=001  015298435
=003  Uk
=005  20120112082758.0
=006  m\\\\\\\\d\|\\\\\\
=007  cr||||||||||||
=008  090624c20139999enk\x\m\s\\\\\0\\\a0eng\\
=022  0\$a2041-4749$202
=040  \\$aUk$beng$cUk
=210  0\$aGeol. Soc. prof. handb.$b(Online)
=222  \0$aGeological Society professional handbooks$b(Online)
=245  00$aGeological Society professional handbooks (Online).
=260  \\$aBath :$bGeological Society
=263  \\$a201301
=310  \\$aIrregular
=336  \\$atext$2rdacontent
=337  \\$acomputer$2rdamedia
=338  \\$aonline resource$2rdacarrier
=985  \\$aISSN UK: This is the online version of ISSN 1475-6196. 776 field not included in work record because of problems with linking register and work records on Portal. Please insert 776 when completing.
=CAT  \\$a10806$b40$c20090624$lBLL01$h1118
=CAT  \\$a11130$b40$c20120112$lBLL01$h0827
=FMT  \\$a  SE
=LAS  \\$a11130$b40$c20120112$lBLL01$h0827
=LET  \0$aGeological Society professional handbooks (Online)
=TCO  \\$aCLA$bCLA$c008

