=LDR  01327 as a22003018a 4500
=001  015298463
=003  Uk
=005  20120112082644.0
=006  m\\\\\\\\d\|\\\\\\
=007  cr||||||||||||
=008  090624c20139999enk\x\m\s\\\\\0\\\a0eng\\
=022  0\$a2041-4757$202
=040  \\$aUk$beng$cUk
=210  0\$aSpec. pub. Int. Assoc. Volcanol. Chem. Earth Inter.$b(Online)
=222  \0$aSpecial publications of the International Association of Volcanology and Chemistry of the Earth's Interior$b(Online)
=245  00$aSpecial publications of the International Association of Volcanology and Chemistry of the Earth's Interior (Online).
=260  \\$aBath :$bGeological Society
=263  \\$a201301
=336  \\$atext$2rdacontent
=337  \\$acomputer$2rdamedia
=338  \\$aonline resource$2rdacarrier
=985  \\$aISSN UK: This is the online version of ISSN 1750-8207. 776 field not included in work record because of problems with linking register and work records on Portal. Please insert 776 when completing.
=CAT  \\$a10806$b40$c20090624$lBLL01$h1136
=CAT  \\$a11130$b40$c20120112$lBLL01$h0826
=FMT  \\$a  SE
=LAS  \\$a11130$b40$c20120112$lBLL01$h0826
=LET  \0$aSpecial publications of the International Association of Volcanology and Chemistry of the Earth's Interior (Online)
=TCO  \\$aCLA$bCLA$c008

