=LDR  01119 as a22003018a 4500
=001  015298508
=003  Uk
=005  20120112082855.0
=006  m\\\\\\\\d\|\\\\\\
=007  cr||||||||||||
=008  090624c20139999enk\x\m\s\\\\\0\\\a0eng\\
=022  0\$a2041-4765$202
=040  \\$aUk$beng$cUk
=222  \4$aThe Micropalaeontological Society special publications$b(Online)
=245  04$aThe Micropalaeontological Society special publications (Online).
=260  \\$aBath :$bGeological Society
=263  \\$a201301
=310  \\$aIrregular
=336  \\$atext$2rdacontent
=337  \\$acomputer$2rdamedia
=338  \\$aonline resource$2rdacarrier
=985  \\$aISSN UK: This is the online version of ISSN 1747-602X. 776 field not included in work record because of problems with linking register and work records on Portal. Please insert 776 when completing.
=CAT  \\$a10806$b40$c20090624$lBLL01$h1158
=CAT  \\$a11130$b40$c20120112$lBLL01$h0828
=FMT  \\$a  SE
=LAS  \\$a11130$b40$c20120112$lBLL01$h0828
=LET  \4$aThe Micropalaeontological Society special publications (Online)
=TCO  \\$aCLA$bCLA$c008

