=LDR  01041 as a22003018a 4500
=001  015298560
=003  Uk
=005  20120112083005.0
=006  m\\\\\\\\d\|\\\\\\
=007  cr||||||||||||
=008  090624c20139999enk\x\m\s\\\\\0\\\a0eng\\
=022  0\$a2041-4773$202
=040  \\$aUk$beng$cUk
=222  \0$aKey issues in earth sciences$b(Online)
=245  00$aKey issues in earth sciences (Online).
=260  \\$aBath :$bGeological Society
=263  \\$a201301
=310  \\$aIrregular
=336  \\$atext$2rdacontent
=337  \\$acomputer$2rdamedia
=338  \\$aonline resource$2rdacarrier
=985  \\$aISSN UK: This is the online version of ISSN 1476-315X. 776 field not included in work record because of problems with linking register and work records on Portal. Please insert 776 when completing.
=CAT  \\$a10806$b40$c20090624$lBLL01$h1305
=CAT  \\$a11130$b40$c20120112$lBLL01$h0830
=FMT  \\$a  SE
=LAS  \\$a11130$b40$c20120112$lBLL01$h0830
=LET  \0$aKey issues in earth sciences (Online)
=TCO  \\$aCLA$bCLA$c008

