=LDR  00996 as a22003018a 4500
=001  015298578
=003  Uk
=005  20120112083114.0
=006  m\\\\\\\\d\|\\\\\\
=007  cr||||||||||||
=008  090624c20139999enk\x\m\s\\\\\0\\\a0eng\\
=022  0\$a2041-4781$202
=040  \\$aUk$beng$cUk
=222  \0$aEarth in view$b(Online)
=245  00$aEarth in view (Online).
=260  \\$aBath :$bGeological Society
=263  \\$a201301
=310  \\$aIrregular
=336  \\$atext$2rdacontent
=337  \\$acomputer$2rdamedia
=338  \\$aonline resource$2rdacarrier
=985  \\$aISSN UK: This is the online version of ISSN 1473-8422. 776 field not included in work record because of problems with linking register and work records on Portal. Please insert 776 when completing.
=CAT  \\$a10806$b40$c20090624$lBLL01$h1329
=CAT  \\$a11130$b40$c20120112$lBLL01$h0831
=FMT  \\$a  SE
=LAS  \\$a11130$b40$c20120112$lBLL01$h0831
=LET  \0$aEarth in view (Online)
=TCO  \\$aCLA$bCLA$c008

