=LDR  00833 as a22002898a 4500
=001  015299043
=003  Uk
=005  20130205151208.0
=007  ta
=008  090625c20099999enk\x\p\\\\\\\0\\\a0eng\\
=022  0\$a2041-4846$202
=040  \\$aUk$beng$cUk
=222  \0$aAni-mates. Top dogs
=245  00$aAni-mates.$pTop dogs.
=246  3\$aTop dogs
=260  \\$aLondon :$bMini-Mix
=263  \\$a200909
=310  \\$aIrregular
=336  \\$atext$2rdacontent
=337  \\$aunmediated$2rdamedia
=338  \\$avolume$2rdacarrier
=985  \\$aISSN assigned for English title only. Please do not use this record for any other language edition - SF 5/02/13.
=CAT  \\$a11315$b40$c20090625$lBLL01$h1140
=CAT  \\$a11316$b40$c20130205$lBLL01$h1512
=FMT  \\$a  SE
=LAS  \\$a11316$b40$c20130205$lBLL01$h1512
=TCO  \\$aCLA$bCLA$c008

