=LDR  00736 as a22002293  4500
=001  015304247
=003  Uk
=005  20090702112532.0
=007  ta
=008  090702c||||9999enk||\n\\\\\\\0\\\a0eng\\
=040  \\$aUk$cUk
=130  0\$aSport (Stoke-on-Trent, England)
=245  10$aSPORT.
=336  \\$atext$2rdacontent
=337  \\$aunmediated$2rdamedia
=338  \\$avolume$2rdacarrier
=866  \\$aPRINT NOT AVAILABLE FOR CONSERVATION REASONS, MICROFILM WILL BE AVAILABLE AT A LATER DATE.
=985  \\$aBasic record created to allow accessioning of print newspapers. (ISSN record has title The sport sentinel)
=CAT  \\$a6537$b40$c20090702$lBLL01$h1125
=FMT  \\$a  SE
=LAS  \\$a6537$b40$c20090702$lBLL01$h1125
=TCO  \\$aCLA$bCLA$c008

