=LDR  00987 as a22002898a 4500
=001  015325245
=003  Uk
=005  20101125114314.0
=006  m\\\\\\\\d\|\\\\\\
=007  cr||||||||||||
=008  090713c20119999enk\x\m\s\\\\\0\\\a0eng\\
=022  0\$a2041-630X$202
=040  \\$aUk$beng$cUk
=222  \0$aRock-forming minerals$b(Online)
=245  00$aRock-forming minerals.
=260  \\$aBath :$bGeological Society
=263  \\$a201111
=310  \\$aIrregular
=336  \\$atext$2rdacontent
=337  \\$acomputer$2rdamedia
=338  \\$aonline resource$2rdacarrier
=985  \\$aISSN UK Centre: This is the online version of ISSN 2041-6296 (print ISSN record completed). No 776 added to either record because of Portal problems. Please add 776 fields when completing online record. ISSN UK, 13.07.09
=CAT  \\$a11313$b40$c20090713$lBLL01$h1410
=CAT  \\$a11130$b40$c20101125$lBLL01$h1143
=FMT  \\$a  SE
=LAS  \\$a11130$b40$c20101125$lBLL01$h1143
=TCO  \\$aCLA$bCLA$c008

