=LDR  00716 as a22002418a 4500
=001  015331240
=003  Uk
=005  20090721145418.0
=007  ta
=008  090721c19629999enkbr\p\\\\\\\0\\\a0eng\\
=022  0\$a0517-6301$202
=040  \\$aUk$beng$cUk
=222  \0$aAmnesty
=245  00$aAmnesty
=260  \\$aLondon :$bAmnesty International
=336  \\$atext$2rdacontent
=337  \\$aunmediated$2rdamedia
=338  \\$avolume$2rdacarrier
=985  \\$aISSN NST legacy record not verified. Based on information from CUL: ceased in 1963 and continued by Bulletin / Amnesty International.
=CAT  \\$aISSN$b40$c20090721$lBLL01$h1454
=FMT  \\$a  SE
=LAS  \\$aISSN$b40$c20090721$lBLL01$h1454
=TCO  \\$aCLA$bCLA$c008

