=LDR  01840 as a22005297a 4500
=001  015338008
=003  Uk
=005  20130815091428.0
=007  ta
=008  090729d19982011enkdn\n\\\\\\\0\\\a0eng\\
=040  \\$aUk$beng$cUk$dUk
=082  04$a072$223
=130  0\$aDaily sport (Manchester, England : 1998)
=245  10$aDaily sport.
=260  \\$aManchester
=336  \\$atext$2rdacontent
=337  \\$aunmediated$2rdamedia
=338  \\$avolume$2rdacarrier
=362  0\$aSept. 21, 1998-
=651  \0$aGreat Britain$vNewspapers.
=752  \\$aEngland$dLondon.$2blnpn
=770  0\$tSunday sport. Supplement
=780  00$tSport
=985  \\$aReversion of title missed by ISSN. NOT SEEN FOR CATALOGUING.
=985  \\$a'Daily sport' and 'Sunday sport' stored and filmed together since 1999
=CAT  \\$a6537$b40$c20090729$lBLL01$h0804
=CAT  \\$a6537$b40$c20090925$lBLL01$h1027
=CAT  \\$a8128$b40$c20091030$lBLL01$h1733
=CAT  \\$a8128$b40$c20091103$lBLL01$h1730
=CAT  \\$aBATCH-UPD$b40$c20091211$lBLL01$h1856
=CAT  \\$a10932$b40$c20100225$lBLL01$h1141
=CAT  \\$a10932$b40$c20100225$lBLL01$h1145
=CAT  \\$aBATCH$b00$c20100910$lBLL01$h1550
=CAT  \\$aNPL-008-N$c20110504$lBLL01$h2229
=CAT  \\$aADD-NID$b00$c20110805$lBLL01$h1431
=CAT  \\$aWR12_095$c20120629$lBLL01$h1842
=CAT  \\$a8201E$b40$c20130718$lBLL01$h1651
=CAT  \\$a8323$b40$c20130815$lBLL01$h0914
=CAT  \\$aNPL-LOCK$b77$c20140207$lBLL01$h2219
=CAT  \\$aNPL-UNLOCK$b00$c20140216$lBLL01$h0850
=FIN  \\$aY$d20100225
=FMT  \\$a  SE
=LAS  \\$aNPL-UNLOCK$b00$c20140216$lBLL01$h0850
=LKR  \\$aPAR$b013891340$lBLL01$r770$mDaily sport.$nSunday sport.
=LKR  \\$aPAR$b013891328$lBLL01$r776$mDaily sport (Print)$nDaily sport (Microfilm)
=NID  \\$aNID0000839
=TCO  \\$aCLA$bCLA$c008

