=LDR  01666 as a22004217a 4500
=001  015343271
=003  Uk
=005  20200618084831.0
=006  m\\\\\\\\d\|\\\\\\
=007  cr||||||||||||
=008  090805c20119999xxcqr\p\s\\\\\0\\\a0eng\\
=022  0\$a2041-904X
=040  \\$aUk$beng$cUk
=210  0\$aInt. j. saf. secur. eng.$b(Online)
=222  \0$aInternational journal of safety and security engineering$b(Online)
=245  00$aInternational journal of safety and security engineering$h[electronic resource].
=260  \\$aSouthampton :$bWIT Press
=264  31$32020-$aEdmonton, Canada :$bInternational Information & Engineering Technology Association
=310  \\$aQuarterly
=336  \\$atext$2rdacontent
=337  \\$acomputer$2rdamedia
=338  \\$aonline resource$2rdacarrier
=588  \\$aLatest issue consulted: volume 10, number 1 (February 2020) (viewed June 17, 2020).
=710  2\$aInternational Information & Engineering Technology Association,$eissuing body.
=776  0\$tInternational journal of safety and security engineering$x2041-9031
=856  40$uhttp://www.iieta.org/Journals/IJSSE
=985  \\$aISSN transferred to ISSN Canada (18/06/20)
=CAT  \\$a10806$b40$c20090805$lBLL01$h1516
=CAT  \\$a5997$b40$c20110620$lBLL01$h0934
=CAT  \\$a10806$b40$c20200129$lBLL01$h0958
=CAT  \\$a10806$b40$c20200129$lBLL01$h1033
=CAT  \\$a10806$b40$c20200617$lBLL01$h1343
=CAT  \\$a10806$b40$c20200618$lBLL01$h0848
=FIN  \\$aY$d20110620
=FMT  \\$a  SE
=LAS  \\$a10806$b40$c20200618$lBLL01$h0848
=LET  \0$aInternational journal of safety and security engineering (Online)
=TCO  \\$aCLA$bCLA$c008

