=LDR  00851 as a22002898a 4500
=001  015351490
=003  Uk
=005  20091221084611.0
=007  ta
=008  090818c20099999enkbx\p\\\\\\\0\\\a0eng\\
=022  0\$a2042-0331$202
=040  \\$aUk$beng$cUk
=222  \4$aThe Urbis Research Forum review$b(Print)
=245  04$aThe Urbis Research Forum review (Print).
=260  \\$aManchester :$bUrbis
=263  \\$a201009
=310  \\$aEight issues yearly
=336  \\$atext$2rdacontent
=337  \\$aunmediated$2rdamedia
=338  \\$avolume$2rdacarrier
=985  \\$aPlease add 776 for online version ISSN 2042-034X
=CAT  \\$a11316$b40$c20090818$lBLL01$h1604
=CAT  \\$a11316$b40$c20091221$lBLL01$h0846
=FMT  \\$a  SE
=LAS  \\$a11316$b40$c20091221$lBLL01$h0846
=LET  \0$aThe Urbis Research Forum review (Print)
=TCO  \\$aCLA$bCLA$c008

