=LDR  00867 as a22003018a 4500
=001  015384864
=003  Uk
=005  20181019133745.0
=007  ta
=008  091006c20109999enkqr\p\\\\\\\0\\\a0eng\\
=022  0\$a2042-3233$202
=040  \\$aUk$beng$cUk
=222  \0$aInsight bioinformatics$b(Print)
=245  00$aInsight bioinformatics.
=260  \\$aLondon :$bInsight Knowledge
=263  \\$a201011
=310  \\$aQuarterly
=336  \\$atext$2rdacontent
=337  \\$aunmediated$2rdamedia
=338  \\$avolume$2rdacarrier
=985  \\$aPlease link to ISSN 2042-3241 (Online) on completion
=CAT  \\$a10806$b40$c20091006$lBLL01$h1535
=CAT  \\$a10806$b40$c20181011$lBLL01$h1412
=CAT  \\$a11313$b40$c20181019$lBLL01$h1337
=FMT  \\$a  SE
=LAS  \\$a11313$b40$c20181019$lBLL01$h1337
=LET  \0$aInsight bioinformatics (Print)
=TCO  \\$aCLA$bCLA$c008

