=LDR  00697 as a22002658a 4500
=001  015396136
=003  Uk
=005  20091020105701.0
=007  ta
=008  091020c20099999enkwr\n\\\\\\\0\\\a0eng\\
=022  0\$a2042-3004$202
=040  \\$aUk$beng$cUk
=222  \4$aThe final call$b(Qualify)
=245  04$aThe final call.
=260  \\$aLondon :$bNation of Islam UK
=263  \\$a200910
=310  \\$aWeekly
=336  \\$atext$2rdacontent
=337  \\$aunmediated$2rdamedia
=338  \\$avolume$2rdacarrier
=985  \\$aUK edition of The Final Call ISSN 1090-7327
=CAT  \\$a11316$b40$c20091020$lBLL01$h1057
=FMT  \\$a  SE
=LAS  \\$a11316$b40$c20091020$lBLL01$h1057
=TCO  \\$aCLA$bCLA$c008

