=LDR  00774 as a22002658a 4500
=001  015399952
=003  Uk
=005  20091023100942.0
=007  ta
=008  091023c20109999enker\p\\\\\\\0\\\a0eng\\
=022  0\$a2042-4272$202
=040  \\$aUk$beng$cUk
=222  \0$aShrek around the world
=245  00$aShrek around the world
=260  \\$aLondon :$bGE Fabbri
=263  \\$a201003
=310  \\$aFortnightly
=336  \\$atext$2rdacontent
=337  \\$aunmediated$2rdamedia
=338  \\$avolume$2rdacarrier
=985  \\$aThis title may possibly be connected to Shrek's quests (013405855). Possibly a 787 link.Caroline ISSN UK Centre 23.10.09
=CAT  \\$a11315$b40$c20091023$lBLL01$h1009
=FMT  \\$a  SE
=LAS  \\$a11315$b40$c20091023$lBLL01$h1009
=TCO  \\$aCLA$bCLA$c008

