=LDR  00851 as a22002658a 4500
=001  015400811
=003  Uk
=005  20091026085159.0
=007  ta
=008  091026c20099999enkar\p\\\\\\\0\\\a0eng\\
=022  0\$a2042-4302$202
=040  \\$aUk$beng$cUk
=222  \0$aRenewable and sustainable energy
=245  00$aRenewable and sustainable energy.
=260  \\$aLondon :$bPlatinum Media Consulting
=263  \\$a200911
=310  \\$aAnnual
=336  \\$atext$2rdacontent
=337  \\$aunmediated$2rdamedia
=338  \\$avolume$2rdacarrier
=985  \\$aISSN UK: See file. Application refers to this being a supplement to the Times newspaper. Publisher adamant that it is a serial and not a one-off. (Richard, 26/10/09)
=CAT  \\$a10806$b40$c20091026$lBLL01$h0851
=FMT  \\$a  SE
=LAS  \\$a10806$b40$c20091026$lBLL01$h0851
=TCO  \\$aCLA$bCLA$c008

