=LDR  00898 as a22002898a 4500
=001  015406555
=003  Uk
=005  20091102111412.0
=007  ta
=008  091102c20109999enktr\p\\\\\\\0\\\a0kor\\
=022  0\$a2042-4736$202
=040  \\$aUk$beng$cUk
=222  \0$aLaryngoscope$b(Korean ed.)
=245  00$aLaryngoscope (Korean ed.)
=260  \\$aOxford :$bWiley-Blackwell
=263  \\$a201001
=310  \\$aThree issues yearly
=336  \\$atext$2rdacontent
=337  \\$aunmediated$2rdamedia
=338  \\$avolume$2rdacarrier
=985  \\$aISSN UK: This is the Korean language edition of Laryngoscope (0023-852X). Print, online & CD-ROM ISSN already assigned by US Centre.
=CAT  \\$a10806$b40$c20091102$lBLL01$h1113
=CAT  \\$a10806$b40$c20091102$lBLL01$h1114
=FMT  \\$a  SE
=LAS  \\$a10806$b40$c20091102$lBLL01$h1114
=LET  \0$aLaryngoscope (Korean ed.)
=TCO  \\$aCLA$bCLA$c008

