=LDR  03636 as a22008417a 4500
=001  015409840
=003  Uk
=005  20120131153521.0
=007  ta
=008  091103d19861987enkwr\n\\\\\\\0\\\a0eng\\
=015  \\$aGB8941160$2bnb
=019  y\$ab8941160
=019  9\$ab8941160
=039  0\$a2038
=040  \\$aUk$cUk
=082  04$a072$219
=245  00$aSunday Sport.
=260  \\$aLondon :$bApollo,$c1986-1987.
=300  \\$av. :$bill., ports. ;$c41 cm.
=310  \\$aWeekly
=336  \\$atext$2rdacontent
=337  \\$aunmediated$2rdamedia
=338  \\$avolume$2rdacarrier
=362  0\$aSept. 14th 1986-Sept. 6th 1987.
=540  \\$aBritish Library not licensed to copy$c0$5Uk
=653  \\$aNewspapers with English imprints
=785  00$tStar Sunday sport.
=985  \\$aBNB and ISSN record un-merged from NPL record which has a different title sequence (re-created). DO NOT MERGE RECORDS.
=985  \\$aISSN Centre note: ISSN record for ISSN 0965-3988 was incorrectly merged with this record. ISSN details and SRC reinstated as separate record 31/1/2012.
=ACF  \\$aBritish Library not licensed to copy$c0$e01-jul-2011$hC$iCLA Excluded$5Uk
=ACF  \\$aBritish Library not licensed to copy$c0$e01-apr-2011$hC$iCLA Excluded$5Uk
=ACF  \\$aBritish Library not licensed to copy$c0$e01-jan-2011$hC$iCLA Excluded$5Uk
=ACF  \\$aBritish Library not licensed to copy$c0$e01-oct-2010$hC$iCLA Excluded$5Uk
=ACF  \\$aBritish Library not licensed to copy$c0$e01-jul-2010$hC$iCLA Excluded$5Uk
=ACF  \\$aBritish Library not licensed to copy$c0$e01-apr-2010$hC$iCLA Excluded$5Uk
=ACF  \\$aBritish Library not licensed to copy$c0$e01-Jan-2010$hC$iCLA Excluded$5Uk
=ACF  \\$aBritish Library not licensed to copy$c0$e01-oct-2009$hC$iCLA Excluded$5Uk
=ACF  \\$aBritish Library not licensed to copy$c0$e01-jul-2009$hC$iCLA Excluded$5Uk
=ACF  \\$aBritish Library not licensed to copy$c0$e01-apr-1997$g0$iCLA-excluded$5Uk
=CAT  \\$a8128$b40$c20091103$lBLL01$h1710
=CAT  \\$aBATCH-CLA$b00$c20100224$lBLL01$h1209
=CAT  \\$aBATCH-UPD$b00$c20100331$lBLL01$h2352
=CAT  \\$aBATCH-UPD$b00$c20100401$lBLL01$h0306
=CAT  \\$aBATCH$b00$c20100401$lBLL01$h0609
=CAT  \\$aBATCH$b00$c20100401$lBLL01$h1642
=CAT  \\$aBATCH-CLA$b00$c20100602$lBLL01$h1414
=CAT  \\$aBATCH-UPD$b00$c20100630$lBLL01$h1937
=CAT  \\$aBATCH-UPD$b00$c20100630$lBLL01$h2003
=CAT  \\$aIPL-CLA$c20100630$lBLL01$h2031
=CAT  \\$aBATCH-CLA$b00$c20100831$lBLL01$h1534
=CAT  \\$aIPL-CLA$c20100930$lBLL01$h1532
=CAT  \\$aBATCH-CLA$b00$c20101115$lBLL01$h1549
=CAT  \\$aIPL-CLA$c20101231$lBLL01$h1528
=CAT  \\$aBATCH-CLA$b00$c20110228$lBLL01$h1546
=CAT  \\$aIPL-CLA$c20110331$lBLL01$h1508
=CAT  \\$aBATCH-CLA$b00$c20110531$lBLL01$h1643
=CAT  \\$aIPL-CLA$c20110630$lBLL01$h1549
=CAT  \\$aBATCH-CLA$b00$c20110831$lBLL01$h1801
=CAT  \\$aIPL-CLA$c20110930$lBLL01$h1554
=CAT  \\$aBATCH-CLA$b00$c20111130$lBLL01$h1153
=CAT  \\$aIPL-CLA$c20111230$lBLL01$h2034
=CAT  \\$a11316$b40$c20120131$lBLL01$h1535
=CAT  \\$aBATCH-CLA$b00$c20121109$lBLL01$h1721
=CAT  \\$aWR12_128$c20121113$lBLL01$h1830
=CAT  \\$aWR14_140$c20140905$lBLL01$h1823
=CFI  0\$aBritish Library not licensed to copy$c0$e01-jan-2012$hC$iCFP Excluded$5Uk
=CFI  2\$aBritish Library not licensed to copy$c0$e01-oct-2011$hC$iCLA Excluded$5Uk
=FIN  \\$aY
=FMT  \\$a  SE
=LAS  \\$aWR14_140$b00$c20140905$lBLL01$h1823
=LEO  \\$aMP5.0000779541
=SRC  \\$aBNB03$bbibmp5.200404.2.ab
=TCO  \\$aCLA$bCLA$c008

