=LDR  01123 as a22003258a 4500
=001  015413925
=003  Uk
=005  20100217095220.0
=006  m\\\\\\\\d\|\\\\\\
=007  co||||||||||||
=008  091110c20099999enkar\p\s\\\\\0\\\a0eng\\
=022  0\$a2042-518X$202
=040  \\$aUk$beng$cUk$dUK
=222  \0$aDrug - discovery, development, delivery$b(CD-ROM)
=245  00$aDrug - discovery, development, delivery (CD-ROM).
=246  3\$aDrug discovery, development, delivery
=260  \\$aLondon :$bTouch Briefings
=263  \\$a200911
=310  \\$aAnnual
=336  \\$atext$2rdacontent
=337  \\$acomputer$2rdamedia
=338  \\$acomputer disc$2rdacarrier
=985  \\$aISSN UK Centre note: 776 fields removed to print and online versions (Print ISSN 2042-5163, Online ISSN 2042-5171)- CD not yet available. 17.02.2010
=CAT  \\$a11316$b40$c20091110$lBLL01$h0944
=CAT  \\$a5997$b40$c20100107$lBLL01$h1050
=CAT  \\$aISSN$b40$c20100217$lBLL01$h0952
=FMT  \\$a  SE
=LAS  \\$aISSN$b40$c20100217$lBLL01$h0952
=LET  \0$aDrug - discovery, development, delivery (CD-ROM)
=TCO  \\$aCLA$bCLA$c008

