=LDR  01078 as a22003258a 4500
=001  015419474
=003  Uk
=005  20201002152949.0
=007  ta
=008  091116c20109999enkqr\p\\\\\\\0\\\a0eng\\
=022  0\$a2042-6003$202
=040  \\$aUk$beng$cUk
=222  \0$aInternational journal of Sudan research$b(Print)
=245  00$aInternational journal of Sudan research (Print).
=246  3\$aIJSR
=260  \\$aBrighton :$bWorld Association for Sustainable Development
=263  \\$a201006
=310  \\$aQuarterly
=336  \\$atext$2rdacontent
=337  \\$aunmediated$2rdamedia
=338  \\$avolume$2rdacarrier
=985  \\$aISSN UK Centre note: see also online version ISSN 2042-6011, please add 776 to both records on completion.
=CAT  \\$a10806$b40$c20091116$lBLL01$h1042
=CAT  \\$a11315$b40$c20100415$lBLL01$h1056
=CAT  \\$a11130$b40$c20100415$lBLL01$h1127
=CAT  \\$a7152$b40$c20201002$lBLL01$h1529
=FMT  \\$a  SE
=LAS  \\$a7152$b40$c20201002$lBLL01$h1529
=LET  \0$aInternational journal of Sudan research (Print)
=TCO  \\$aCLA$bCLA$c008

