=LDR  01993 as a22005057a 4500
=001  015420801
=003  Uk
=005  20191216085159.0
=006  m\\\\\\\\d\|\\\\\\
=007  cr||||||||||||
=008  091117c20109999ja\fr\p\s\\\\\0\\\a0eng\\
=022  0\$a2042-6151
=040  \\$aUk$beng$cUk
=082  04$a950.05$223
=222  \0$aAsia Pacific world$b(Online)
=245  00$aAsia Pacific world$h[electronic resource] :$bthe journal of the International Association for Asia Pacific Studies.
=260  \\$aBiggleswade :$bBerghahn Journals
=264  31$32015-$a[Japan] :$bInternational Association for Asia Pacific Studies
=310  \\$aSemiannual
=336  \\$atext$2rdacontent
=337  \\$acomputer$2rdamedia
=338  \\$aonline resource$2rdacarrier
=362  1\$aBegan in 2010.
=588  \\$aLatest issue consulted: volume 6, number 2 (autumn 2015) (IAAPS website, viewed December 3, 2019).
=710  2\$aInternational Association for Asia Pacific Studies.
=776  08$iPrint version, -2015:$tAsia Pacific world$x2042-6143
=856  40$uhttp://en.apu.ac.jp/iaaps/modules/publication/apw/
=985  \\$aISSN description based on: Vol. 1, no. 2 (autumn 2010), (publisher's Web site viewed 9 Sept. 2011).
=985  \\$aISSN transfer from UK to IC pending (Richard (Leeds), 03/12/19)
=CAT  \\$a10806$b40$c20091117$lBLL01$h1441
=CAT  \\$a10806$b40$c20091117$lBLL01$h1442
=CAT  \\$a11205$b40$c20110909$lBLL01$h0941
=CAT  \\$a11205$b40$c20110909$lBLL01$h1046
=CAT  \\$a11205$b40$c20110909$lBLL01$h1048
=CAT  \\$a10806$b40$c20191203$lBLL01$h1356
=CAT  \\$a10806$b40$c20191203$lBLL01$h1403
=CAT  \\$a10806$b40$c20191203$lBLL01$h1407
=CAT  \\$a10806$b40$c20191205$lBLL01$h1054
=CAT  \\$a10806$b40$c20191205$lBLL01$h1105
=CAT  \\$a10806$b40$c20191216$lBLL01$h0852
=FIN  \\$aY$d20110909
=FMT  \\$a  SE
=LAS  \\$a10806$b40$c20191216$lBLL01$h0852
=LET  \0$aAsia Pacific world (Online)
=TCO  \\$aCLA$bCLA$c008

