=LDR  00749 as a22002658a 4500
=001  015422998
=003  Uk
=005  20091118133141.0
=007  ta
=008  091118c20099999enkar\p\\\\\\\0\\\a0eng\\
=022  0\$a2042-6232$202
=040  \\$aUk$beng$cUk
=222  \0$aInnovations$b(Qualify)
=245  00$aInnovations.
=260  \\$aCrawley :$bSayers Publishing Group
=263  \\$a200912
=310  \\$aAnnual
=336  \\$atext$2rdacontent
=337  \\$aunmediated$2rdamedia
=338  \\$avolume$2rdacarrier
=985  \\$aISSN UK: C/T from 'The canmaker innovations issue' (no ISSN, BIB: 013159647 (Richard, 18/11/09)
=CAT  \\$a10806$b40$c20091118$lBLL01$h1331
=FMT  \\$a  SE
=LAS  \\$a10806$b40$c20091118$lBLL01$h1331
=TCO  \\$aCLA$bCLA$c008

