=LDR  01197 as a22003018a 4500
=001  015424125
=003  Uk
=005  20091120114954.0
=007  ta
=008  091120c20099999enkfr\p\\\\\\\0\\\a0eng\\
=022  0\$a2042-5503$202
=040  \\$aUk$beng$cUk
=222  \4$aThe north and west London journal of general practice$b(Qualify. Print)
=245  04$aThe north and west London journal of general practice.
=260  \\$aGrays :$bInternational Medical Publishing Group
=263  \\$a200912
=310  \\$aSemiannual
=336  \\$atext$2rdacontent
=337  \\$aunmediated$2rdamedia
=338  \\$avolume$2rdacarrier
=776  0\$tThe north and west London journal of general practice$c(Qualify. Online)$x2042-5511
=985  \\$aDifferent publication exists with same title, care needed when completing this record. Qualify with body?? See ISSN UK Centre for all correspondence. Please see ISSN UK with any queries. ISSN UK Centre, 20.11.09
=CAT  \\$a7152$b40$c20091120$lBLL01$h1123
=CAT  \\$a7152$b40$c20091120$lBLL01$h1149
=FMT  \\$a  SE
=LAS  \\$a7152$b40$c20091120$lBLL01$h1149
=LET  \\$aThe north and west London journal of general practice (Print)
=TCO  \\$aCLA$bCLA$c008

