=LDR  01298 as a22003617a 4500
=001  015450081
=003  Uk
=005  20190905084850.0
=006  m\\\\\\\\d\|\\\\\\
=007  cr||||||||||||
=008  091217c20079999ie\qr\p\s\\\\\0\\\a0eng\\
=022  0\$a2042-8294
=040  \\$aUk$beng$cUk
=222  \0$aNaturally good health$b(Online)
=245  00$aNaturally good health$h[electronic resource].
=260  \\$aUgley Green :$bTarget Publishing
=264  31$aDublin :$bTarget Publishing
=310  \\$aQuarterly
=336  \\$atext$2rdacontent
=337  \\$acomputer$2rdamedia
=338  \\$aonline resource$2rdacarrier
=588  \\$aLatest issue consulted: Autumn 2019 (pdf viewed September 3 2019).
=776  0\$tNaturally good health$c(Print)$x2042-8286
=856  4\$uhttp://www.naturallygoodhealth.ie
=985  \\$aISSN completion based on: winter 2009 issue; title from Naturally good health (http://www.naturallygoodhealth.ie/latest.htm#, viewed 17.12.09)
=985  \\$aISSN transferred from ISSN UK to ISSN Ireland, 05.09.2019.
=CAT  \\$a11315$b40$c20091217$lBLL01$h1001
=CAT  \\$a11313$b40$c20190903$lBLL01$h1545
=CAT  \\$a11313$b40$c20190905$lBLL01$h0848
=FIN  \\$aY$d20091217
=FMT  \\$a  SE
=LAS  \\$a11313$b40$c20190905$lBLL01$h0848
=TCO  \\$aCLA$bCLA$c008

