=LDR  04442 as a2200961 a 4500
=001  015452089
=003  Uk
=005  20131031140651.0
=007  ta
=008  091221d20092009enkwr\n\\\\\\\0\\\a0eng\\
=015  \\$aGBB000058$2bnb
=022  \\$y0961-9143
=040  \\$aUk$beng$cUk$dUk
=042  \\$aukblsr
=082  04$a072.2142$222
=245  00$aByfleet news & mail :$bincorporating West Byfleet, Pyrford & New Haw.
=246  17$aNews & mail
=246  3\$aByfleet news and mail
=260  \\$aGuildford :$bSurrey & Berkshire Media,$c[2009]
=300  \\$av. :$bcol. ill., col. maps., col. ports. ;$c60 cm.
=310  \\$aWeekly
=336  \\$atext$2rdacontent
=337  \\$aunmediated$2rdamedia
=338  \\$avolume$2rdacarrier
=362  1\$aBegan in July 2009.
=362  0\$a-no. 5292 (29 Oct. 2009).
=540  \\$aBritish Library not licensed to copy$c0$5Uk
=588  \\$aDescription based on final issue.
=651  \0$aByfleet (England)$vNewspapers.
=651  \0$aSurrey (England)$vNewspapers.
=752  \\$aEngland$bSurrey$dByfleet.$2blnpn
=780  00$tByfleet, West Byfleet and Pyrford news & mail$x0961-9143
=785  00$tNews & mail (Byfleet, West Byfleet & Pyrford edition)$x2042-7506
=866  \\$aNewspaper Library: July-Oct. 2009; Print issues are not available for conservation reasons where an alternative format exists. See separate record for microfilm holdings.
=985  \\$aNo ISSN assigned, as title change sequence is hazy.
=ACF  \\$aBritish Library not licensed to copy$c0$e01-apr-2012$hC$iCLA Excluded$5Uk
=ACF  \\$aBritish Library not licensed to copy$c0$e01-jan-2012$hC$iCLA Excluded$5Uk
=ACF  \\$aBritish Library not licensed to copy$c0$e01-oct-2011$hC$iCLA Excluded$5Uk
=ACF  \\$aBritish Library not licensed to copy$c0$e01-jul-2011$hC$iCLA Excluded$5Uk
=ACF  \\$aBritish Library not licensed to copy$c0$e01-apr-2011$hC$iCLA Excluded$5Uk
=ACF  \\$aBritish Library not licensed to copy$c0$e01-jan-2011$hC$iCLA Excluded$5Uk
=ACF  \\$aBritish Library not licensed to copy$c0$e01-oct-2010$hC$iCLA Excluded$5Uk
=ACF  \\$aBritish Library not licensed to copy$c0$e01-jul-2010$hC$iCLA Excluded$5Uk
=ACF  \\$aBritish Library not licensed to copy$c0$e01-apr-2010$hC$iCLA Excluded$5Uk
=ACF  \\$aBritish Library not licensed to copy$c0$e01-jul-2012$hC$iCLA Excluded$5Uk
=ACF  \\$aBritish Library not licensed to copy$c0$e01-oct-2012$hC$iCFP Excluded$5Uk
=ACF  \\$aBritish Library not licensed to copy$c0$e01-apr-2013$hC$iCFP Excluded$5Uk
=ACF  \\$aBritish Library not licensed to copy$c0$e01-jul-2013$hC$iCFP Excluded$5Uk
=ACF  \\$aBritish Library not licensed to copy$c0$e01-oct-2013$hC$iCFP Excluded$5Uk
=CAT  \\$a8128$b40$c20091221$lBLL01$h1412
=CAT  \\$a8201$b40$c20120105$lBLL01$h1104
=CAT  \\$aBATCH-CLA$b00$c20120229$lBLL01$h1627
=CAT  \\$aIPL-CLA$c20120330$lBLL01$h1441
=CAT  \\$aBATCH-CLA$b00$c20120531$lBLL01$h1727
=CAT  \\$a8201$b40$c20120620$lBLL01$h0949
=CAT  \\$aIPL-CLA$c20120629$lBLL01$h1040
=CAT  \\$aBATCH-CLA$b00$c20120831$lBLL01$h1555
=CAT  \\$aIPL-CLA$c20120930$lBLL01$h2134
=CAT  \\$aBATCH-CLA$b00$c20121109$lBLL01$h1721
=CAT  \\$aWR12_128$c20121113$lBLL01$h1830
=CAT  \\$aBATCH-CLA$b00$c20130228$lBLL01$h1714
=CAT  \\$aIPL-CLA$c20130331$lBLL01$h1058
=CAT  \\$a540_fix$c20130403$lBLL01$h2017
=CAT  \\$aBATCH-CLA$b00$c20130531$lBLL01$h1652
=CAT  \\$aIPL-CLA$c20130701$lBLL01$h0133
=CAT  \\$aBATCH-CLA$b00$c20130830$lBLL01$h1631
=CAT  \\$a8323$b40$c20130904$lBLL01$h1202
=CAT  \\$a8323$b40$c20130904$lBLL01$h1204
=CAT  \\$a8323$b40$c20130904$lBLL01$h1406
=CAT  \\$aIPL-CLA$c20130930$lBLL01$h1806
=CAT  \\$a8323$b40$c20131031$lBLL01$h1406
=CAT  \\$aBATCH-CLA$b00$c20131129$lBLL01$h1705
=CAT  \\$aIPL-CLA$c20140101$lBLL01$h0126
=CAT  \\$aBATCH-CLA$b00$c20140228$lBLL01$h1620
=CAT  \\$aIPL-CLA$c20140331$lBLL01$h1637
=CFI  0\$aBritish Library not licensed to copy$c0$e01-apr-2014$hC$iCFP Excluded$5Uk
=CFI  2\$aBritish Library not licensed to copy$c0$e01-jan-2014$hC$iCFP Excluded$5Uk
=FIN  \\$aY$d20091221
=FMT  \\$a  SE
=LAS  \\$aIPL-CLA$b00$c20140331$lBLL01$h1637
=LKR  \\$aPAR$b010818342$lBLL01$nByfleet, West Byfleet & Pyrford news & mail$mByfleet news & mail$r78000
=NID  \\$aNID0100279
=TCO  \\$aCLA$bCLA$c008

