=LDR  00858 as a22002898a 4500
=001  015457158
=003  Uk
=005  20101213132921.0
=007  ta
=008  100104c20119999enkqr\p\\\\\\\0\\\a0eng\\
=022  0\$a2042-9002$202
=040  \\$aUk$beng$cUk
=222  \0$aCrane and lifting catalog
=245  00$aCrane and lifting catalog.
=260  \\$aLondon :$bPowerview International Media
=263  \\$a201101
=310  \\$aQuarterly
=336  \\$atext$2rdacontent
=337  \\$aunmediated$2rdamedia
=338  \\$avolume$2rdacarrier
=985  \\$aISSN UK: Please pass this title to Richard Brown in the ISSN UK Centre (08/01/10)
=CAT  \\$a10806$b40$c20100104$lBLL01$h1038
=CAT  \\$a10806$b40$c20100108$lBLL01$h1622
=CAT  \\$a11130$b40$c20101213$lBLL01$h1329
=FMT  \\$a  SE
=LAS  \\$a11130$b40$c20101213$lBLL01$h1329
=TCO  \\$aCLA$bCLA$c008

