=LDR  00861 as a22003138a 4500
=001  015475156
=003  Uk
=005  20100127141328.0
=007  ta
=008  100127c20109999enkmr\p\\\\\\\0\\\a0eng\\
=022  0\$a2043-0388$202
=040  \\$aUk$beng$cUk
=222  \0$aGX$b(US ed.)
=245  00$aGX (US ed.).
=246  3\$aGambling exclusive
=260  \\$aLondon :$bCrestview
=263  \\$a201002
=310  \\$aMonthly
=336  \\$atext$2rdacontent
=337  \\$aunmediated$2rdamedia
=338  \\$avolume$2rdacarrier
=985  \\$aISSN UK: See also GX (Chinese ed.) 2043-0396 and GX (UK ed.) 2042-342X
=CAT  \\$a10806$b40$c20100127$lBLL01$h1359
=CAT  \\$a10806$b40$c20100127$lBLL01$h1403
=CAT  \\$a10806$b40$c20100127$lBLL01$h1413
=FMT  \\$a  SE
=LAS  \\$a10806$b40$c20100127$lBLL01$h1413
=LET  \0$aGX (US ed.)
=TCO  \\$aCLA$bCLA$c008

