=LDR  00999 as a22002898a 4500
=001  015482056
=003  Uk
=005  20100208120755.0
=007  ta
=008  100208c20109999enkmr\p\\\\\\\0\\\a0eng\\
=022  0\$a2043-6998$202
=040  \\$aUk$beng$cUk
=222  \0$aFight magazine$b(Qualify)
=245  00$aFight magazine.
=246  30$aFight
=260  \\$aHuddersfield :$bFight Media (UK)
=263  \\$a201003
=310  \\$aMonthly
=336  \\$atext$2rdacontent
=337  \\$aunmediated$2rdamedia
=338  \\$avolume$2rdacarrier
=985  \\$aISSN UK: This is the UK edition of the U.S. title, Fight! (ISSN 1941-3270). May need qualifying by 'UK edition' if title matches U.S. edition, but will still require qualification if published as 'Fight magazine' because of identical Brazilian title (Richard, 08/02/10)
=CAT  \\$a10806$b40$c20100208$lBLL01$h1206
=CAT  \\$a10806$b40$c20100208$lBLL01$h1207
=FMT  \\$a  SE
=LAS  \\$a10806$b40$c20100208$lBLL01$h1207
=TCO  \\$aCLA$bCLA$c008

