=LDR  00835 as a22002778a 4500
=001  015482503
=003  Uk
=005  20100209084035.0
=007  ta
=008  100209c19969999nikbr\p\\\\\\\0\\\a0eng\\
=022  0\$a2043-7048$202
=040  \\$aUk$beng$cUk
=222  \0$aUberdog magazine
=245  00$aUberdog magazine.
=246  30$aUberdog
=260  \\$aBangor :$bPig's Ear Publishing
=263  \\$a201004
=310  \\$aBimonthly
=336  \\$atext$2rdacontent
=337  \\$aunmediated$2rdamedia
=338  \\$avolume$2rdacarrier
=985  \\$aISSN UK: First published in Dec. 1996, being relaunched, no print copies of 'Vol. 1', hence pre-pub - see application for full details (Richard 09/02/10)
=CAT  \\$a10806$b40$c20100209$lBLL01$h0840
=FMT  \\$a  SE
=LAS  \\$a10806$b40$c20100209$lBLL01$h0840
=TCO  \\$aCLA$bCLA$c008

