=LDR  00855 as a22002658a 4500
=001  015485902
=003  Uk
=005  20100423102403.0
=007  ta
=008  100211c20109999enkuu\\\\\\\\\0\\\a0eng\\
=022  0\$a2043-7285$202
=040  \\$aUk$beng$cUk
=222  \0$aBoswell's ...
=245  00$aBoswell's ...
=260  \\$aWymondham :$bWings Publishing
=263  \\$a201004
=336  \\$atext$2rdacontent
=337  \\$aunmediated$2rdamedia
=338  \\$avolume$2rdacarrier
=985  \\$aISSN assigned on request to 'Boswell's coast' but on arrival this is a monograph. ISSN record not completed but not suppressed in case further items published (see paper file) - sf 23/4/10
=CAT  \\$a11315$b40$c20100211$lBLL01$h1326
=CAT  \\$a11316$b40$c20100423$lBLL01$h1024
=FMT  \\$a  SE
=LAS  \\$a11316$b40$c20100423$lBLL01$h1024
=TCO  \\$aCLA$bCLA$c008

