=LDR  01007 as a22003138a 4500
=001  015490895
=003  Uk
=005  20150325105707.0
=006  m\\\\\\\\d\|\\\\\\
=007  cr||||||||||||
=008  100217c20119999enkqr\p\s\\\\\0\\\a0eng\\
=022  0\$a2043-7978$202
=040  \\$aUk$beng$cUk
=222  \0$aOutstanding woman$b(Online)
=245  00$aOutstanding woman (Online).
=260  \\$aManchester :$bOutstanding Woman Magazine
=263  \\$a201605
=310  \\$aQuarterly
=336  \\$atext$2rdacontent
=337  \\$acomputer$2rdamedia
=338  \\$aonline resource$2rdacarrier
=985  \\$aISSN UK: Phone call from publisher (25/03/15) - still planning to publish online version but not until 2016 (Richard, 25/03/15)
=CAT  \\$a10806$b40$c20100217$lBLL01$h1309
=CAT  \\$a10806$b40$c20100217$lBLL01$h1538
=CAT  \\$a11130$b40$c20101209$lBLL01$h0948
=CAT  \\$a10806$b40$c20150325$lBLL01$h1057
=FMT  \\$a  SE
=LAS  \\$a10806$b40$c20150325$lBLL01$h1057
=TCO  \\$aCLA$bCLA$c008

