=LDR  01725 as a22003857a 4500
=001  015509470
=003  Uk
=005  20120228093411.0
=007  ta
=008  100315d1995200uenkwr\n\\\\\\\0\\\a0eng\\
=040  \\$aUk$beng$cUk
=082  04$a072.217$222
=245  00$aSurrey mirror.
=250  \\$aRedhill, Reigate, etc.
=310  \\$aWeekly
=336  \\$atext$2rdacontent
=337  \\$aunmediated$2rdamedia
=338  \\$avolume$2rdacarrier
=651  \0$aRedhill (Surrey, England)$vNewspapers.
=651  \0$aReigate (England)$vNewspapers.
=752  \\$aEngland$bSurrey$dReigate.$2blnpn
=780  00$tSurrey mirror.$bReigate and Redhill, etc.
=785  00$tSurrey mirror (Redhill, Reigate and Banstead edition)$x1755-6597
=866  \0$aNewspaper Library : 14 Sept. 1995-2006 ; Print issues are not available for conservation reasons where an alternative format exists. See separate record for microfilm holdings
=985  \\$aTitle of previous NPL record is "Surrey mirror (Redhill and Redhill etc.)". This may hide edition changes and so cannot be merged with ISSN records. MB.
=985  \\$aThis NPL record for this title had previously been converted for use as "Redhill, Reigate and Banstead edition", but this is a later change and needs a separated record for ISSN purposes, so restored MB.
=CAT  \\$a8128$b40$c20100315$lBLL01$h1655
=CAT  \\$a8128$b40$c20100315$lBLL01$h1656
=CAT  \\$a8201$b40$c20120228$lBLL01$h0934
=FIN  \\$aY$d20100315
=FMT  \\$a  SE
=LAS  \\$a8201$b40$c20120228$lBLL01$h0934
=LKR  \\$aPAR$b013891651$lBLL01$nSurrey mirror (Redhill, Reigate, etc. : Microfilm)$mSurrey mirror (Redhill, Reigate, etc.: Print)$r776
=NID  \\$aNID0003045
=TCO  \\$aCLA$bCLA$c008

