=LDR  01442 as a2200397 a 4500
=001  015514302
=003  Uk
=005  20120228095150.0
=007  ta
=008  100322d19962002enkwr\n\\\\\\\0\\\a0eng\\
=040  \\$aUk$beng$cUk
=042  \\$aukblsr
=082  04$a072.548$222
=130  0\$aAshby mail (1996)
=245  10$aAshby mail.
=300  \\$av. :$bill., ports.
=310  \\$aWeekly
=336  \\$atext$2rdacontent
=337  \\$aunmediated$2rdamedia
=338  \\$avolume$2rdacarrier
=651  \0$aAshby-de-la-Zouch (England)$vNewspapers.
=651  \0$aLeicestershire (England)$vNewspapers.
=752  \\$aEngland$bLeicestershire$dAshby de la Zouch.$2blnpn
=780  00$tAshby & Coalville mail
=785  00$tAshby & Coalville mail (2002)
=866  \0$aNewspaper Library : no. 324-508 (26 Sept. 1996-28 Mar. 2002) ; Print issues are not available for conservation reasons where an alternative format exists. See separate record for microfilm holdings
=985  \\$aNPL title sequence does not match with ISSN sequence. DO NOT MERGE WITH ISSN RECORDS.
=CAT  \\$a5997$b40$c20100322$lBLL01$h1324
=CAT  \\$a5997$b40$c20100322$lBLL01$h1330
=CAT  \\$a8201$b40$c20120228$lBLL01$h0951
=FIN  \\$aY$d20100322
=FMT  \\$a  SE
=LAS  \\$a8201$b40$c20120228$lBLL01$h0951
=LKR  \\$aPAR$b013919769$lBLL01$nAshby mail (1996 : Microfilm)$mAshby mail (1996 : Print)$r776
=NID  \\$aNID0023644
=TCO  \\$aCLA$bCLA$c008

