=LDR  03516 as a2200817 a 4500
=001  015519133
=003  Uk
=005  20160720122907.0
=007  ta
=008  100326c20089999si\qr\p\\\\\\\0\\\a0eng\\
=022  \\$a1793-5458
=040  \\$aUk$beng$cUk$dUk
=245  00$aJournal of innovative optical health sciences.
=260  \\$aSingapore :$bWorld Scientific Publishing Co. Pte. Ltd.,$c2008-
=310  \\$aQuarterly
=336  \\$atext$2rdacontent
=337  \\$aunmediated$2rdamedia
=338  \\$avolume$2rdacarrier
=362  0\$aVol. 1, no. 1 (July 2008)-
=540  \\$aCurrent copyright fee: GBP35.00$c28\0$5Uk
=590  \\$aRoute ALL FAILED DSC requests to Records Team
=650  \0$aImaging systems in medicine$vPeriodicals.
=650  \0$aImaging systems in biology$vPeriodicals.
=650  \0$aLasers in medicine$vPeriodicals.
=650  \0$aLasers in biology$vPeriodicals.
=856  \\$31850-9999$uhttp://www.worldscientific.com/$xBLDSS
=945  \\$aJournal of Innovative Optical Health Sciences
=979  \\$aBritish Library$bDSC$j5006.995000N
=985  \\$aISSN category: validatin request on Portal (14/08/14)
=ACF  \\$aPrevious copyright fee: GBP18.75$c28\0$e01-jul-2011$fGBP18.75$g0$hP$5Uk
=ACF  \\$aPrevious copyright fee: GBP16.13$c28\0$e01-jul-2010$fGBP16.13$g0$hP$5Uk
=ACF  \\$aPrevious copyright fee: GBP15.15$c28\0$e26-mar-2010$fGBP15.15$g0$hP$5Uk
=ACF  \\$aPrevious copyright fee: GBP19.35$c28\0$e01-jan-2012$fGBP19.35$g0$hP$5Uk
=ACF  \\$aPrevious copyright fee: GBP18.18$c28\0$e01-jul-2012$fGBP18.18$g0$hP$5Uk
=ACF  \\$aPrevious copyright fee: GBP19.35$c28\0$e01-jul-2013$fGBP19.35$g0$hP$5Uk
=ACF  \\$aPrevious copyright fee: GBP18.75$c28\0$e01-jan-2013$fGBP18.75$g0$hP$5Uk
=ACF  \\$aPrevious copyright fee: GBP0.00$c28\0$e24-jul-2013$fGBP0.00$g0$hP$5Uk
=ACF  \\$aPrevious copyright fee: GBP25.00$c28\0$e01-oct-2016$fGBP25.00$g0$hP$5Uk
=CAT  \\$a11450$b40$c20100326$lBLL01$h1446
=CAT  \\$aIPL-CLA$c20100630$lBLL01$h2031
=CAT  \\$aBATCH-UPD$b00$c20110518$lBLL01$h0949
=CAT  \\$a5552$b40$c20110613$lBLL01$h1042
=CAT  \\$aIPL-CLA$c20110630$lBLL01$h1550
=CAT  \\$aBATCH-UPD$b00$c20111123$lBLL01$h1844
=CAT  \\$aIPL-CLA$c20111230$lBLL01$h2035
=CAT  \\$aBATCH-UPD$b00$c20120518$lBLL01$h1720
=CAT  \\$aIPL-CLA$c20120629$lBLL01$h1041
=CAT  \\$aBATCH-CLA$b00$c20121109$lBLL01$h1720
=CAT  \\$aBATCH-UPD$b00$c20121121$lBLL01$h1633
=CAT  \\$aIPL-CLA$c20121231$lBLL01$h1328
=CAT  \\$aIPL-CLA$c20130102$lBLL01$h1802
=CAT  \\$aBATCH-UPD$b00$c20130522$lBLL01$h1736
=CAT  \\$aIPL-CLA$c20130701$lBLL01$h0135
=CAT  \\$a5552$b40$c20130724$lBLL01$h1143
=CAT  \\$a6537$b40$c20140814$lBLL01$h0915
=CAT  \\$aBLDSS-3PM$b00$c20141208$lBLL01$h1627
=CAT  \\$a8874$b40$c20141209$lBLL01$h0838
=CAT  \\$aBATCH-UPD$b40$c20160413$lBLL01$h1824
=CAT  \\$a5552$b40$c20160720$lBLL01$h1229
=CAT  \\$aIPL-CLA$c20160930$lBLL01$h1628
=CAT  \\$aBATCH-UPD$b00$c20170315$lBLL01$h1206
=CAT  \\$aIPL-CLA$c20170315$lBLL01$h1248
=CAT  \\$aBATCH-UPD$b00$c20180524$lBLL01$h1737
=CAT  \\$aIPL-CLA$c20180630$lBLL01$h1930
=CFI  0\$aCurrent copyright fee: GBP35.00$c28\0$e01-jul-2018$fGBP35.00$g0$hP$5Uk
=CFI  2\$aPrevious copyright fee: GBP30.00$c28\0$e15-mar-2017$fGBP30.00$g0$hP$5Uk
=FFP  \\$aY$bBLDSS-3PM
=FMT  \\$a  SE
=LAS  \\$aIPL-CLA$b00$c20180630$lBLL01$h1930
=TCO  \\$aZZZ$c008
=TOC  \\$aETOC

