=LDR  00853 as a22003018a 4500
=001  015524786
=003  Uk
=005  20181019133810.0
=007  ta
=008  100406c20109999enkqr\p\\\\\\\0\\\a0eng\\
=022  0\$a2044-1061$202
=040  \\$aUk$beng$cUk
=222  \0$aInsight pathology$b(Print)
=245  00$aInsight pathology.
=260  \\$aLondon :$bInsight Knowledge
=263  \\$a201004
=310  \\$aQuarterly
=336  \\$atext$2rdacontent
=337  \\$aunmediated$2rdamedia
=338  \\$avolume$2rdacarrier
=985  \\$aPlease link to ISSN 2044-107X (Online) when completed
=CAT  \\$a11315$b40$c20100406$lBLL01$h1010
=CAT  \\$a10806$b40$c20181011$lBLL01$h0934
=CAT  \\$a11313$b40$c20181019$lBLL01$h1338
=FMT  \\$a  SE
=LAS  \\$a11313$b40$c20181019$lBLL01$h1338
=LET  \0$aInsight pathology (Print)
=TCO  \\$aCLA$bCLA$c008

