=LDR  00857 as a22002898a 4500
=001  015525635
=003  Uk
=005  20100407133544.0
=007  ta
=008  100407c20109999enkwr\n\\\\\\\0\\\a0eng\\
=022  0\$a2044-1223$202
=040  \\$aUk$beng$cUk
=222  \4$aThe Solihull press
=245  04$aThe Solihull press.
=260  \\$aSolihull :$bCJB Press Group
=263  \\$a201004
=310  \\$aWeekly
=336  \\$atext$2rdacontent
=337  \\$aunmediated$2rdamedia
=338  \\$avolume$2rdacarrier
=787  0\$tBirmingham press$x2044-0723
=985  \\$aISSN UK: Reciprocal 787 fields added at pre-pub stage - please amend on completion if necessary (Richard 07/04/10)
=CAT  \\$a10806$b40$c20100407$lBLL01$h1325
=CAT  \\$a10806$b40$c20100407$lBLL01$h1335
=FMT  \\$a  SE
=LAS  \\$a10806$b40$c20100407$lBLL01$h1335
=TCO  \\$aCLA$bCLA$c008

