=LDR  00857 as a22002898a 4500
=001  015526799
=003  Uk
=005  20100409115932.0
=007  ta
=008  100409c20109999enkwr\p\\\\\\\0\\\a0eng\\
=022  0\$a2044-2165$202
=040  \\$aUk$beng$cUk
=222  \0$aIp-d!p weekly
=245  00$aIp-d!p weekly
=246  13$aIp-dip weekly
=260  \\$aEastbourne :$bPlaywork Development and Training Community Interest Company
=263  \\$a201004
=310  \\$aWeekly
=336  \\$atext$2rdacontent
=337  \\$aunmediated$2rdamedia
=338  \\$avolume$2rdacarrier
=985  \\$aPlease note: this will need a 787 field as related to 013668481. ISSN UK Centre, 09.04.2010.
=CAT  \\$a11315$b40$c20100409$lBLL01$h1140
=CAT  \\$a11315$b40$c20100409$lBLL01$h1159
=FMT  \\$a  SE
=LAS  \\$a11315$b40$c20100409$lBLL01$h1159
=TCO  \\$aCLA$bCLA$c008

