=LDR  01037 as a22003258a 4500
=001  015533322
=003  Uk
=005  20140407140255.0
=007  ta
=008  100419c20119999enkfr\p\\\\\\\0\\\a0eng\\
=022  0\$a2044-2491$202
=040  \\$aUk$beng$cUk
=222  \0$aBusinessOutlook$b(Print)
=245  00$aBusinessOutlook (Print) :$bjournal of business innovation.
=246  3\$aBusiness outlook
=260  \\$aLondon :$bBritish Institute of Technology & E-Commerce
=263  \\$a201103
=310  \\$aSemiannual
=336  \\$atext$2rdacontent
=337  \\$aunmediated$2rdamedia
=338  \\$avolume$2rdacarrier
=985  \\$aISSN note: online version completed (Aleph 015533327) - please add 776 field on completion.
=CAT  \\$a10806$b40$c20100419$lBLL01$h1109
=CAT  \\$a11130$b40$c20101109$lBLL01$h1158
=CAT  \\$a11315$b40$c20140312$lBLL01$h0836
=CAT  \\$a10806$b40$c20140407$lBLL01$h1402
=FMT  \\$a  SE
=LAS  \\$a10806$b40$c20140407$lBLL01$h1402
=LET  \0$aBusinessOutlook (Print)
=TCO  \\$aCLA$bCLA$c008

