=LDR  00992 as a22003258a 4500
=001  015536563
=003  Uk
=005  20140407140028.0
=007  ta
=008  100421c20119999enkfr\p\\\\\\\0\\\a0eng\\
=022  0\$a2044-1347$202
=040  \\$aUk$beng$cUk
=222  \0$aEducateUK$b(Print)
=245  00$aEducateUK (Print).
=246  3\$aEducate UK
=246  3\$aEducate United Kingdom
=260  \\$aLondon :$bBritish Institute of Technology and E-Commerce
=263  \\$a201103
=310  \\$aSemiannual
=336  \\$atext$2rdacontent
=337  \\$aunmediated$2rdamedia
=338  \\$avolume$2rdacarrier
=710  2\$aBritish Institute of Technology and E-Commerce.
=985  \\$aISSN UK: please add link to online version on completion (ISSN (Online) 2044-1355)
=CAT  \\$a11316$b40$c20100421$lBLL01$h0920
=CAT  \\$a11130$b40$c20101109$lBLL01$h1200
=CAT  \\$a10806$b40$c20140407$lBLL01$h1400
=FMT  \\$a  SE
=LAS  \\$a10806$b40$c20140407$lBLL01$h1400
=TCO  \\$aCLA$bCLA$c008

