=LDR  01037 as a22003258i 4500
=001  015554968
=003  Uk
=005  20131122113544.0
=007  ta
=008  100517c20139999enkqr\p\\\\\\\0\\\a0eng\\
=022  0\$a2044-432X$202
=040  \\$aUk$beng$cUk$erda
=222  \0$aViper magazine$b(Print)
=245  00$aViper magazine.
=246  30$aViper
=263  \\$a201310
=264  \1$aLondon :$bL. Mercer
=310  \\$aQuarterly
=336  \\$atext$2rdacontent
=337  \\$aunmediated$2rdamedia
=338  \\$avolume$2rdacarrier
=985  \\$aIf 776 field required add in {dollar}i Also issued online as: [Please delete this 985 field if not required]
=985  \\$aISSN note: online version in existence, Aleph 016549821, ISSN 2054-5207. Please add 776 fields on completion.
=CAT  \\$a10806$b40$c20100517$lBLL01$h1125
=CAT  \\$a11315$b40$c20131122$lBLL01$h1114
=CAT  \\$a11315$b40$c20131122$lBLL01$h1135
=FMT  \\$a  SE
=LAS  \\$a11315$b40$c20131122$lBLL01$h1135
=LET  \0$aViper magazine (Print)
=TCO  \\$aCLA$bCLA$c008

