=LDR  02131 as a2200529 a 4500
=001  015555000
=003  Uk
=005  20100517123143.0
=006  m\\\\\\\\d\|\\\\\\
=007  cr||||||||||||
=008  100517c20099999enkqr\p\s\\\\\0\\\a0eng\\
=015  \\$aGBB061801$2bnb
=022  0\$y1479-2222
=040  \\$aUk$beng$cUk
=042  \\$aukblsr
=082  04$a371.334094105$222
=245  00$aALT update$h[electronic resource].
=246  30$aAssociation for learning technology update
=260  \\$aOxford :$bAssociation for Learning Technology
=336  \\$atext$2rdacontent
=337  \\$acomputer$2rdamedia
=338  \\$aonline resource$2rdacarrier
=362  0\$aIssue 1 (July 2009)-
=500  \\$aTitle from PDF caption (publisher's Web site, viewed May 17, 2010).
=500  \\$aLatest issue consulted: Issue 3 (Jan. 2010).
=538  \\$aMode of access: World Wide Web.
=538  \\$aSystem requirements: Adobe Acrobat Reader.
=580  \\$aAlso issued in a longer HTML version, with links, entitled: Association for Learning Technology online newsletter.
=650  \0$aEducational technology$zGreat Britain$vPeriodicals.
=650  \0$aEducation$xData processing$vPeriodicals.
=650  \0$aComputer-assisted instruction$zGreat Britain$vPeriodicals.
=776  1\$tAssociation for Learning Technology online newsletter$x1748-3603
=780  00$tAssociation for learning technology newsletter (PDF version)
=856  40$uhttp://www.alt.ac.uk/alt_n.html
=985  \\$aPublisher's digitized version of print; ISSN is for print version.
=CAT  \\$a3072$b40$c20100517$lBLL01$h1149
=CAT  \\$a3072$b40$c20100517$lBLL01$h1222
=CAT  \\$a3072$b40$c20100517$lBLL01$h1223
=CAT  \\$a3072$b40$c20100517$lBLL01$h1231
=CAT  \\$aW1711-1225$c20171203$lBLL01$h1038
=FIN  \\$aY$d20100517
=FMT  \\$a  SE
=LAS  \\$aW1711-1225$b00$c20171203$lBLL01$h1038
=LET  \0$aALT update (Online)
=LKR  \\$aPAR$b013508842$lBLL01$r78010$mALT update$nAssociation for learning technology newsletter (PDF)
=STA  \\$aSUPPRESSED$bunable to determine reason for suppression
=TCO  \\$aCLA$bCLA$c008

