=LDR  00948 as a22002898a 4500
=001  015559657
=003  Uk
=005  20100521133547.0
=007  ta
=008  100521c20109999enktr\p\\\\\\\0\\\a0eng\\
=022  0\$a2044-4850$202
=040  \\$aUk$beng$cUk
=222  \0$aAdvancing practice in mental health$b(Print)
=245  00$aAdvancing practice in mental health (Print)
=260  \\$aLuton :$bJ. Butler
=263  \\$a201007
=310  \\$aThree issues yearly
=336  \\$atext$2rdacontent
=337  \\$aunmediated$2rdamedia
=338  \\$avolume$2rdacarrier
=776  0\$tAdvancing practice in mental health$c(Online)$x2044-4869
=985  \\$aPlease note: this is a C/T from 012900728. Please add 78X and LKR fields as required. ISSN UK Centre, 21/05/10.
=CAT  \\$a11315$b40$c20100521$lBLL01$h1335
=FMT  \\$a  SE
=LAS  \\$a11315$b40$c20100521$lBLL01$h1335
=LET  \0$aAdvancing practice in mental health (Print)
=TCO  \\$aCLA$bCLA$c008

