=LDR  01000 as a22003018a 4500
=001  015559662
=003  Uk
=005  20100521134041.0
=006  m\\\\\\\\d\|\\\\\\
=007  cr||||||||||||
=008  100521c20109999enktr\p\s\\\\\0\\\a0eng\\
=022  0\$a2044-4869$202
=040  \\$aUk$beng$cUk
=222  \0$aAdvancing practice in mental health$b(Online)
=245  00$aAdvancing practice in mental health (Online)
=260  \\$aLuton :$bJ. Butler
=263  \\$a201007
=310  \\$aThree issues yearly
=336  \\$atext$2rdacontent
=337  \\$acomputer$2rdamedia
=338  \\$aonline resource$2rdacarrier
=776  0\$tAdvancing practice in mental health$c(Print)$x2044-4850
=985  \\$aPlease note: this is a C/T from 012900727. Please add 78X and LKR fields as required. ISSN UK Centre, 21/05/10.
=CAT  \\$a11315$b40$c20100521$lBLL01$h1340
=FMT  \\$a  SE
=LAS  \\$a11315$b40$c20100521$lBLL01$h1340
=LET  \0$aAdvancing practice in mental health (Online)
=TCO  \\$aCLA$bCLA$c008

