=LDR  01305 as a22003138a 4500
=001  015563932
=003  Uk
=005  20100526151354.0
=007  ta
=008  100526c20109999enk\x\p\\\\\\\0\\\a0eng\\
=022  0\$a2043-0167$202
=040  \\$aUk$beng$cUk
=222  \0$aQueen Mary University of London, School of Electronic Engineering and Computer Science research reports
=245  00$aQueen Mary University of London, School of Electronic Engineering and Computer Science research reports.
=246  13$aEECSRR
=246  13$aQueen Mary University of London, School of Electronic Engineering and Computer Science research report
=260  \\$aLondon :$bQueen Mary University of London, School of Electronic Engineering and Computer Science
=263  \\$a201006
=336  \\$atext$2rdacontent
=337  \\$aunmediated$2rdamedia
=338  \\$avolume$2rdacarrier
=710  2\$aUniversity of London.$bQueen Mary.$bSchool of Electronic Engineering and Computer Science.
=985  \\$aC/t from Research report - Queen Mary and Westfield College. Department of Computer Science ISSN 1470-5559
=985  \\$aNew 710 (26/05/10)
=CAT  \\$a11316$b40$c20100526$lBLL01$h1444
=CAT  \\$a11316$b40$c20100526$lBLL01$h1513
=FMT  \\$a  SE
=LAS  \\$a11316$b40$c20100526$lBLL01$h1513
=TCO  \\$aCLA$bCLA$c008

