=LDR  01203 as a22003138a 4500
=001  015569118
=003  Uk
=005  20100604082848.0
=007  ta
=008  100604c20099999enkmr\p\\\\\\\0\\\a0eng\\
=022  0\$a2044-4621$202
=040  \\$aUk$beng$cUk
=222  \0$aInterdisciplinary journal of contemporary research in business$b(Print)
=245  00$aInterdisciplinary journal of contemporary research in business.
=246  30$aIJCRB
=260  \\$aCanterbury :$bInstitute of Interdisciplinary Business Research
=263  \\$a201007
=310  \\$aMonthly
=336  \\$atext$2rdacontent
=337  \\$aunmediated$2rdamedia
=338  \\$avolume$2rdacarrier
=710  2\$aInstitute of Interdisciplinary Business Research.
=776  0\$tInterdisciplinary journal of contemporary research in business$c(Online)$x2073-7122
=985  \\$aISSN Centre note: Provisional assignment. Surrogate of printed copy Vol. 1, no. 12 (Apr. 2010) forwarded from International Centre on 21/05/10. Awaiting next issue to complete record.
=CAT  \\$a11316$b40$c20100604$lBLL01$h0827
=CAT  \\$a11316$b40$c20100604$lBLL01$h0828
=FMT  \\$a  SE
=LAS  \\$a11316$b40$c20100604$lBLL01$h0828
=TCO  \\$aCLA$bCLA$c008

