=LDR  00770 as a22002778a 4500
=001  015580423
=003  Uk
=005  20100617153735.0
=007  ta
=008  100617c20109999enkmr\p\\\\\\\0\\\a0eng\\
=022  0\$a2044-7469$202
=040  \\$aUk$beng$cUk
=222  \0$aBOFI$b(UK ed.)
=245  00$aBOFI.
=246  3\$aBody fitness
=260  \\$aLondon :$bEditorial BOFIMAG
=263  \\$a201008
=310  \\$aMonthly
=336  \\$atext$2rdacontent
=337  \\$aunmediated$2rdamedia
=338  \\$avolume$2rdacarrier
=985  \\$aAlso has ISSN assigned provisionally for USA version, Spanish and German versions by their national centres.
=CAT  \\$a11316$b40$c20100617$lBLL01$h1537
=FMT  \\$a  SE
=LAS  \\$a11316$b40$c20100617$lBLL01$h1537
=TCO  \\$aCLA$bCLA$c008

