=LDR  00839 as a22002778a 4500
=001  015580818
=003  Uk
=005  20100618125941.0
=007  ta
=008  100618c20109999enkqr\p\\\\\\\0\\\a0eng\\
=022  0\$a2044-3099$202
=040  \\$aUk$beng$cUk
=222  \0$aStamping trends$b(Qualify)
=245  00$aStamping trends.
=260  \\$aCheadle :$bPizzazz Media
=263  \\$a201008
=310  \\$aQuarterly
=336  \\$atext$2rdacontent
=337  \\$aunmediated$2rdamedia
=338  \\$avolume$2rdacarrier
=985  \\$aISSN Centre note: ISSN 2043-6718 provisionally assigned Redline Publications for same title - items never published - to be suppressed.
=CAT  \\$a11316$b40$c20100618$lBLL01$h1254
=CAT  \\$a11316$b40$c20100618$lBLL01$h1259
=FMT  \\$a  SE
=LAS  \\$a11316$b40$c20100618$lBLL01$h1259
=TCO  \\$aCLA$bCLA$c008

