=LDR  00986 as a22003258a 4500
=001  015585413
=003  Uk
=005  20120816133314.0
=006  m\\\\\\\\d\|\\\\\\
=007  cr||||||||||||
=008  100623c20109999enkbr\p\s\\\\\0\\\a0eng\\
=022  0\$a2044-8198$202
=040  \\$aUk$beng$cUk
=222  \0$aUncovered$b(Qualify. Online)
=245  00$aUncovered (Online).
=260  \\$aPoole :$bFantelli Imprint
=263  \\$a201010
=310  \\$aBimonthly
=336  \\$atext$2rdacontent
=337  \\$acomputer$2rdamedia
=338  \\$aonline resource$2rdacarrier
=985  \\$aISSN UK: Please add 776 fields to this and print record when completing. Print ISSN 2044-818X
=CAT  \\$a10806$b40$c20100623$lBLL01$h1312
=CAT  \\$a10806$b40$c20100623$lBLL01$h1334
=CAT  \\$a10806$b40$c20100906$lBLL01$h1427
=CAT  \\$a10973$b40$c20120816$lBLL01$h1333
=FMT  \\$a  SE
=LAS  \\$a10973$b40$c20120816$lBLL01$h1333
=LET  \0$aUncovered (Online)
=TCO  \\$aCLA$bCLA$c008

