=LDR  00849 as a22003018a 4500
=001  015591539
=003  Uk
=005  20181019134305.0
=007  ta
=008  100702c20109999enkqr\p\\\\\\\0\\\a0eng\\
=022  0\$a2044-8686$202
=040  \\$aUk$beng$cUk
=222  \0$aInsight genetics$b(Print)
=245  00$aInsight genetics.
=260  \\$aLondon :$bInsight Knowledge
=263  \\$a201004
=310  \\$aQuarterly
=336  \\$atext$2rdacontent
=337  \\$aunmediated$2rdamedia
=338  \\$avolume$2rdacarrier
=985  \\$aPlease link to ISSN 2044-8694 (Online) on completion
=CAT  \\$a11313$b40$c20100702$lBLL01$h0803
=CAT  \\$a10806$b40$c20181011$lBLL01$h1157
=CAT  \\$a11313$b40$c20181019$lBLL01$h1343
=FMT  \\$a  SE
=LAS  \\$a11313$b40$c20181019$lBLL01$h1343
=LET  \0$aInsight genetics (Print)
=TCO  \\$aCLA$bCLA$c008

