=LDR  00848 as a22003018a 4500
=001  015591570
=003  Uk
=005  20181019134548.0
=007  ta
=008  100702c20109999enkmr\p\\\\\\\0\\\a0eng\\
=022  0\$a2044-8783$202
=040  \\$aUk$beng$cUk
=222  \0$aInsight ecology$b(Print)
=245  00$aInsight ecology.
=260  \\$aLondon :$bInsight Knowledge
=263  \\$a201004
=310  \\$aMonthly
=336  \\$atext$2rdacontent
=337  \\$aunmediated$2rdamedia
=338  \\$avolume$2rdacarrier
=985  \\$aPlease add link to ISSN 2044-8791 (Online) on completion
=CAT  \\$a11313$b40$c20100702$lBLL01$h0934
=CAT  \\$a10806$b40$c20181011$lBLL01$h1328
=CAT  \\$a11313$b40$c20181019$lBLL01$h1345
=FMT  \\$a  SE
=LAS  \\$a11313$b40$c20181019$lBLL01$h1345
=LET  \0$aInsight ecology (Print)
=TCO  \\$aCLA$bCLA$c008

