=LDR  00880 as a22003018a 4500
=001  015591625
=003  Uk
=005  20181019134649.0
=007  ta
=008  100702c20109999enkmr\p\\\\\\\0\\\a0eng\\
=022  0\$a2044-8848$202
=040  \\$aUk$beng$cUk
=222  \0$aInsight infectious diseases$b(Print)
=245  00$aInsight infectious diseases.
=260  \\$aLondon :$bInsight Knowledge
=263  \\$a201004
=310  \\$aMonthly
=336  \\$atext$2rdacontent
=337  \\$aunmediated$2rdamedia
=338  \\$avolume$2rdacarrier
=985  \\$aPlease link to ISSN 2044-8856 (Online) on completion
=CAT  \\$a11313$b40$c20100702$lBLL01$h1106
=CAT  \\$a10806$b40$c20181011$lBLL01$h1142
=CAT  \\$a11313$b40$c20181019$lBLL01$h1346
=FMT  \\$a  SE
=LAS  \\$a11313$b40$c20181019$lBLL01$h1346
=LET  \0$aInsight infectious diseases (Print)
=TCO  \\$aCLA$bCLA$c008

