=LDR  00848 as a22002898a 4500
=001  015592566
=003  Uk
=005  20180824141429.0
=007  ta
=008  100705c20109999enkmr\p\\\\\\\0\\\a0eng\\
=022  0\$a2044-8929$202
=040  \\$aUk$beng$cUk
=222  \0$aInsight veterinary research$b(Print)
=245  00$aInsight veterinary research (Print).
=260  \\$aLondon :$bInsight Knowledge
=263  \\$a201004
=310  \\$aMonthly
=336  \\$atext$2rdacontent
=337  \\$aunmediated$2rdamedia
=338  \\$avolume$2rdacarrier
=985  \\$aAdd 776 link to online version on completion (ISSN 2044-8937)
=CAT  \\$a11313$b40$c20100705$lBLL01$h0844
=CAT  \\$a10806$b40$c20180824$lBLL01$h1414
=FMT  \\$a  SE
=LAS  \\$a10806$b40$c20180824$lBLL01$h1414
=LET  \0$aInsight veterinary research (Print)
=TCO  \\$aCLA$bCLA$c008

