=LDR  00861 as a22003018a 4500
=001  015592642
=003  Uk
=005  20181019134733.0
=007  ta
=008  100705c20109999enkqr\p\\\\\\\0\\\a0eng\\
=022  0\$a2044-8961$202
=040  \\$aUk$beng$cUk
=222  \0$aInsight bacteriology$b(Print)
=245  00$aInsight bacteriology.
=260  \\$aLondon :$bInsight Knowledge
=263  \\$a201004
=310  \\$aQuarterly
=336  \\$atext$2rdacontent
=337  \\$aunmediated$2rdamedia
=338  \\$avolume$2rdacarrier
=985  \\$aPlease link to ISSN 2044-897X (Online) on completion
=CAT  \\$a11313$b40$c20100705$lBLL01$h1010
=CAT  \\$a10806$b40$c20181011$lBLL01$h1435
=CAT  \\$a11313$b40$c20181019$lBLL01$h1347
=FMT  \\$a  SE
=LAS  \\$a11313$b40$c20181019$lBLL01$h1347
=LET  \0$aInsight bacteriology (Print)
=TCO  \\$aCLA$bCLA$c008

