=LDR  00844 as a22002658a 4500
=001  015598275
=003  Uk
=005  20100709165021.0
=007  ta
=008  100709c20109999enkmr\p\\\\\\\0\\\a0eng\\
=022  0\$a2044-947X$202
=040  \\$aUk$beng$cUk
=222  \0$aTorchwood$b(Qualify)
=245  00$aTorchwood.
=260  \\$aLondon :$bTitan Magazines
=263  \\$a201009
=310  \\$aMonthly
=336  \\$atext$2rdacontent
=337  \\$aunmediated$2rdamedia
=338  \\$avolume$2rdacarrier
=985  \\$aThis is a different publication to the Torchwood 'magazine' that Titan also publish, this is a comic, see correspondence in ISSN pending file for more information and proofs of covers. ISSN UK Centre, SB.
=CAT  \\$a7152$b40$c20100709$lBLL01$h1650
=FMT  \\$a  SE
=LAS  \\$a7152$b40$c20100709$lBLL01$h1650
=TCO  \\$aCLA$bCLA$c008

