=LDR  00860 as a22002898a 4500
=001  015602400
=003  Uk
=005  20100909113002.0
=007  ta
=008  100715c20109999enkwr\p\\\\\\\0\\\a0eng\\
=022  0\$a2044-9208$202
=040  \\$aUk$beng$cUk
=222  \0$aX magazine$b(Qualify)
=245  00$aX magazine.
=260  \\$aTeddington :$bHaymarket Consumer Media
=263  \\$a201009
=310  \\$aWeekly
=336  \\$atext$2rdacontent
=337  \\$aunmediated$2rdamedia
=338  \\$avolume$2rdacarrier
=985  \\$aISSN UK Centre note: Please see also 'The X factor magazine exclusive' ISSN 2045-2225. ISSN UK, 01.09.2010
=CAT  \\$a11313$b40$c20100715$lBLL01$h0818
=CAT  \\$a11313$b40$c20100901$lBLL01$h0849
=CAT  \\$a11313$b40$c20100909$lBLL01$h1130
=FMT  \\$a  SE
=LAS  \\$a11313$b40$c20100909$lBLL01$h1130
=TCO  \\$aCLA$bCLA$c008

