=LDR  01049 as a22002778a 4500
=001  015609692
=003  Uk
=005  20101214112047.0
=007  ta
=008  100726c20109999enkqr\p\\\\\\\0\\\a0eng\\
=022  0\$a2044-9763$202
=040  \\$aUk$beng$cUk
=222  \0$aNanosystems, nanomaterials, nanotechnologies$b(Qualify)
=245  00$aNanosystems, nanomaterials, nanotechnologies.
=260  \\$aCambridge :$bCambridge International Science Publishing
=263  \\$a201012
=310  \\$aQuarterly
=336  \\$atext$2rdacontent
=337  \\$aunmediated$2rdamedia
=338  \\$avolume$2rdacarrier
=985  \\$aISSN UK Centre note: Info from publisher - this is an English translation of ISSN 1816-5230 'Nanosistemi, nanomateriali, nanotehnologii'. May need 767 translation note, if appropriate. See pre-pub file for correspondence with publisher. ISSN UK, 26.07.2010
=CAT  \\$a11313$b40$c20100726$lBLL01$h1255
=CAT  \\$a11130$b40$c20101214$lBLL01$h1120
=FMT  \\$a  SE
=LAS  \\$a11130$b40$c20101214$lBLL01$h1120
=TCO  \\$aCLA$bCLA$c008

