=LDR  01025 as a22003018a 4500
=001  015610224
=003  Uk
=005  20100727092007.0
=007  ta
=008  100727c20109999enker\p\\\\\\\0\\\a0eng\\
=022  0\$a2045-0184$202
=040  \\$aUk$beng$cUk
=222  \0$aHouse M.D. the official DVD collection
=245  00$aHouse M.D. :$bthe official DVD collection.
=260  \\$aLondon :$bHachette Partworks
=263  \\$a201008
=310  \\$aFortnightly
=336  \\$atext$2rdacontent
=337  \\$aunmediated$2rdamedia
=338  \\$avolume$2rdacarrier
=985  \\$aISSN UK: This is the English version of 'Dr. House La Collection DVD Officielle' (Original French language edition, no ISSN found, not found on ALEPH - see correspondence in file)
=CAT  \\$a10806$b40$c20100727$lBLL01$h0905
=CAT  \\$a10806$b40$c20100727$lBLL01$h0906
=CAT  \\$a10806$b40$c20100727$lBLL01$h0917
=CAT  \\$a10806$b40$c20100727$lBLL01$h0920
=FMT  \\$a  SE
=LAS  \\$a10806$b40$c20100727$lBLL01$h0920
=TCO  \\$aCLA$bCLA$c008

