=LDR  00810 as a22002778a 4500
=001  015626249
=003  Uk
=005  20110804092834.0
=007  ta
=008  100812c20129999enkmr\p\\\\\\\0\\\a0eng\\
=022  0\$a2045-1385$202
=040  \\$aUk$beng$cUk
=222  \0$aElegance magazine$b(Qualify)
=245  00$aElegance magazine
=260  \\$aNewcastle upon Tyne :$bA. Malik
=263  \\$a201203
=310  \\$aMonthly
=336  \\$atext$2rdacontent
=337  \\$aunmediated$2rdamedia
=338  \\$avolume$2rdacarrier
=985  \\$aPlease note: a possible C/T from Asian elegance magazine (not on Aleph). ISSN UK Centre, 12/08/10.
=CAT  \\$a11315$b40$c20100812$lBLL01$h1448
=CAT  \\$a11130$b40$c20110804$lBLL01$h0928
=FMT  \\$a  SE
=LAS  \\$a11130$b40$c20110804$lBLL01$h0928
=TCO  \\$aCLA$bCLA$c008

