=LDR  01002 as a22003018a 4500
=001  015628787
=003  Uk
=005  20140207100027.0
=007  ta
=008  100817c20109999enkqr\p\\\\\\\0\\\a0eng\\
=022  0\$a2045-1822$202
=040  \\$aUk$beng$cUk
=222  \0$aInternational journal of finance and management$b(Print)
=245  00$aInternational journal of finance and management (Print).
=260  \\$aLondon :$bIJFM Co.
=263  \\$a201010
=310  \\$aQuarterly
=336  \\$atext$2rdacontent
=337  \\$aunmediated$2rdamedia
=338  \\$avolume$2rdacarrier
=985  \\$aISSN UK Centre note: Print version of ISSN 2045-1830 - please add 776 fields when completing. ISSN UK, 07.02.2014
=CAT  \\$a11316$b40$c20100817$lBLL01$h1401
=CAT  \\$a11313$b40$c20140207$lBLL01$h0959
=CAT  \\$a11313$b40$c20140207$lBLL01$h1000
=FMT  \\$a  SE
=LAS  \\$a11313$b40$c20140207$lBLL01$h1000
=LET  \0$aInternational journal of finance and management (Print)
=TCO  \\$aCLA$bCLA$c008

