=LDR  00849 as a22003018a 4500
=001  015632662
=003  Uk
=005  20151012120221.0
=007  ta
=008  100820c20109999enkmr\p\\\\\\\0\\\a0eng\\
=022  0\$a2045-1938$202
=040  \\$aUk$beng$cUk
=222  \0$aTattooist art
=245  00$aTattooist art.
=263  \\$a201512
=264  \1$aEsher, Surrey :$bTime Will Tell Publishing
=310  \\$aMonthly
=336  \\$atext$2rdacontent
=337  \\$aunmediated$2rdamedia
=338  \\$avolume$2rdacarrier
=985  \\$aISSN UK: Revised application received 05/10/15
=CAT  \\$a11316$b40$c20100820$lBLL01$h1206
=CAT  \\$a10806$b40$c20151007$lBLL01$h1550
=CAT  \\$a10806$b40$c20151007$lBLL01$h1611
=CAT  \\$a10806$b40$c20151012$lBLL01$h1202
=FMT  \\$a  SE
=LAS  \\$a10806$b40$c20151012$lBLL01$h1202
=TCO  \\$aCLA$bCLA$c008

