=LDR  00878 as a22003018a 4500
=001  015637910
=003  Uk
=005  20121002093232.0
=007  ta
=008  100831c20139999enk\x\p\\\\\\\0\\\a0eng\\
=022  0\$a2045-3019$202
=040  \\$aUk$beng$cUk
=222  \0$ablart$b(Print)
=245  00$ablart (Print).
=260  \\$aLeeds :$bS. Emmerson
=263  \\$a201305
=310  \\$aIrregular
=336  \\$atext$2rdacontent
=337  \\$aunmediated$2rdamedia
=338  \\$avolume$2rdacarrier
=985  \\$aISSN note: online version in existence (Aleph 015637911). Please add 776 fields on completion.
=CAT  \\$a10806$b40$c20100831$lBLL01$h1049
=CAT  \\$a11130$b40$c20120831$lBLL01$h0855
=CAT  \\$a11315$b40$c20121002$lBLL01$h0931
=CAT  \\$a11315$b40$c20121002$lBLL01$h0932
=FMT  \\$a  SE
=LAS  \\$a11315$b40$c20121002$lBLL01$h0932
=TCO  \\$aCLA$bCLA$c008

