=LDR  00833 as a22002778a 4500
=001  015641320
=003  Uk
=005  20100902101427.0
=007  ta
=008  100902c20109999enkbr\p\\\\\\\0\\\a0eng\\
=022  0\$a2045-3167$202
=040  \\$aUk$beng$cUk
=222  \0$aFourthwall
=245  00$aFourthwall
=246  3\$aFourth wall
=260  \\$aLondon :$bMarcomatt Media
=263  \\$a201012
=310  \\$aBimonthly
=336  \\$atext$2rdacontent
=337  \\$aunmediated$2rdamedia
=338  \\$avolume$2rdacarrier
=985  \\$aPlease note: this is a C/T from 'The drama student magazine' (Aleph no. 015329828). Please add 78X and LKR fields as required when cataloguing. ISSN UK Centre, 02/09/2010.
=CAT  \\$a11315$b40$c20100902$lBLL01$h1014
=FMT  \\$a  SE
=LAS  \\$a11315$b40$c20100902$lBLL01$h1014
=TCO  \\$aCLA$bCLA$c008

