=LDR  00948 as a22003018a 4500
=001  015646423
=003  Uk
=005  20100909134624.0
=006  m\\\\\\\\d\|\\\\\\
=007  cr||||||||||||
=008  100909c20109999enkar\p\s\\\\\0\\\a0eng\\
=022  0\$a2045-3795$202
=040  \\$aUk$beng$cUk
=222  \0$aPolice statistics. Actuals$b(Online)
=245  00$aPolice statistics$pActuals. (Online)
=246  30$aActuals
=260  \\$aLondon :$bCIPFA
=263  \\$a201009
=310  \\$aAnnual
=336  \\$atext$2rdacontent
=337  \\$acomputer$2rdamedia
=338  \\$aonline resource$2rdacarrier
=710  2\$aChartered Institute of Public Finance and Accountancy.
=985  \\$aISSN UK: Print ceasing (ISSN 0144-9915), switching to online only - please add 78X fields on completion. ISSN UK Centre, 09/09/10.
=CAT  \\$a11315$b40$c20100909$lBLL01$h1346
=FMT  \\$a  SE
=LAS  \\$a11315$b40$c20100909$lBLL01$h1346
=TCO  \\$aCLA$bCLA$c008

