=LDR  02443cas a2200601 a 4500
=001  015648653
=003  Uk
=005  20230511163013.0
=007  cr\mn|||||||||
=008  100914c20089999su\uu\p\o\\\\\0\\\a0eng\\
=022  \\$y1658-3876
=040  \\$aUk$beng$cUk$dUk
=245  00$aHematology/oncology and stem cell therapy$h[electronic resource].
=260  \\$a[Riyadh] :$bElsevier,$c2008-
=336  \\$atext$2rdacontent
=337  \\$acomputer$2rdamedia
=338  \\$aonline resource$2rdacarrier
=362  1\$aBegan with Vol. 1, no. 1 (Jan.-Mar. 2008).
=500  \\$aPublished for the King Faisal Specialist Hospital & Research Center.
=540  \\$aCurrent copyright fee: zero$c5\1$5Uk
=590  \\$aRoute ALL FAILED DSC requests to Records Team
=650  \0$aHematology$vPeriodicals.
=650  \0$aOncology$vPeriodicals.
=710  2\$aMustashfa al-Malik Faysal al-Takhassusi.
=856  \\$31850-9999$uhttp://www.elsevier.com/journals$xBLDSS
=945  \\$aHematology Oncology and Stem Cell Therapy
=979  \\$aBritish Library$bDSC$j4291.608700N
=985  \\$aISSN has status Validation request on Portal 19/08/14
=ACF  \\$aPrevious copyright fee: GBP12.00$c0$e01-jan-2012$fGBP12.00$g0$hA$5Uk
=ACF  \\$aPrevious copyright fee: GBP10.50$c0$e01-jan-2011$fGBP10.50$g0$hA$5Uk
=ACF  \\$aPrevious copyright fee: GBP9.00$c0$e14-sep-2010$fGBP9.00$g0$hA$5Uk
=CAT  \\$a11450$b40$c20100914$lBLL01$h1606
=CAT  \\$aBATCH-UPD$b40$c20101124$lBLL01$h1955
=CAT  \\$aBATCH-UPD$b40$c20101125$lBLL01$h1220
=CAT  \\$aIPL-CLA$c20101231$lBLL01$h1529
=CAT  \\$aWR11_203$c20111204$lBLL01$h1516
=CAT  \\$aIPL-CLA$c20111230$lBLL01$h2036
=CAT  \\$aBATCH-CLA$b00$c20121109$lBLL01$h1720
=CAT  \\$a5552$b40$c20131010$lBLL01$h1433
=CAT  \\$a6537$b40$c20140819$lBLL01$h1401
=CAT  \\$aBLDSS-3PM$b00$c20141222$lBLL01$h1720
=CAT  \\$a8874$b40$c20150219$lBLL01$h0957
=CAT  \\$aBATCH-UPD$b40$c20160413$lBLL01$h1825
=CAT  \\$a5552$b40$c20160429$lBLL01$h1433
=CAT  \\$aBATCH-FIX$c20230511$lBLL01$h1630
=CAT  \\$aBATCH-UPD$b00$c20230511$lBLL01$h1914
=CFI  0\$aCurrent copyright fee: zero$c5\1$e29-apr-2016$fGBP0.00$g0$hP$5Uk
=CFI  2\$aPrevious Copyright Fee: GBP22.50$c5\1$e10-oct-2013$fGBP22.50$g0$hP$5Uk
=FFP  \\$aY$bBLDSS-3PM
=FMT  \\$a  SE
=LAS  \\$aBATCH-UPD$b00$c20230511$lBLL01$h1914
=TCO  \\$aZZZ$c008
=TOC  \\$aETOC

