=LDR  01206 as a22003258a 4500
=001  015652900
=003  Uk
=005  20111025155441.0
=007  ta
=008  100921c20129999enkwr\p\\\\\\\0\\\a0eng\\
=022  0\$a2045-4635$202
=040  \\$aUk$beng$cUk
=222  \0$aSAARC international
=245  00$aSAARC international.
=246  3\$aSouth Asian Association for Regional Co-operation international
=260  \\$aWembley :$bS. Khan
=263  \\$a201203
=310  \\$aWeekly
=336  \\$atext$2rdacontent
=337  \\$aunmediated$2rdamedia
=338  \\$avolume$2rdacarrier
=985  \\$aISSN UK: 'Saarc international' title appears as a section inside early issues of 'South Asia tribune' (ISSN 2045-4627). No separate pagination; not catalogued separately. Publisher informs that they plan to publish separately in the future - possibly early 2012 (Richard Brown, 25/10/11)
=CAT  \\$a10806$b40$c20100921$lBLL01$h1106
=CAT  \\$a11130$b40$c20110318$lBLL01$h0755
=CAT  \\$a10806$b40$c20111025$lBLL01$h1335
=CAT  \\$a10806$b40$c20111025$lBLL01$h1551
=CAT  \\$a10806$b40$c20111025$lBLL01$h1554
=FMT  \\$a  SE
=LAS  \\$a10806$b40$c20111025$lBLL01$h1554
=TCO  \\$aCLA$bCLA$c008

