=LDR  01021 as a22003138a 4500
=001  015671477
=003  Uk
=005  20130305153918.0
=006  m\\\\\\\\d\|\\\\\\
=007  co||||||||||||
=008  101015c20129999enkfr\p\s\\\\\0\\\a0eng\\
=022  0\$a2045-6360$202
=040  \\$aUk$beng$cUk
=222  \0$aUS oncology and hematology$b(CD-ROM)
=245  00$aUS oncology and hematology (CD-ROM)
=260  \\$aLondon :$bTouch Briefings
=263  \\$a201206
=310  \\$aSemiannual
=336  \\$atext$2rdacontent
=337  \\$acomputer$2rdamedia
=338  \\$acomputer disc$2rdacarrier
=985  \\$aISSN UK: Links to print (ISSN 2045-6344) and online (ISSN 2045-6352) removed 05/03/13. Please reinstate on completion (Richard, 05/03/13)
=CAT  \\$a11315$b40$c20101015$lBLL01$h1013
=CAT  \\$a11130$b40$c20110722$lBLL01$h0945
=CAT  \\$a10806$b40$c20130305$lBLL01$h1539
=FMT  \\$a  SE
=LAS  \\$a10806$b40$c20130305$lBLL01$h1539
=LET  \0$aUS oncology and hematology (CD-ROM)
=TCO  \\$aCLA$bCLA$c008

