=LDR  00923 as a22002898a 4500
=001  015677992
=003  Uk
=005  20101124152730.0
=006  m\\\\\\\\d\|\\\\\\
=007  cr||||||||||||
=008  101026c20119999enkmx\p\s\\\\\0\\\a0eng\\
=022  0\$a2045-6735$202
=040  \\$aUk$beng$cUk
=222  \0$aEnvironmental special report
=245  00$aEnvironmental special report.
=260  \\$aKingston upon Thames :$bWolters Kluwer (UK)
=263  \\$a201101
=310  \\$aMonthly, except March and September
=336  \\$atext$2rdacontent
=337  \\$acomputer$2rdamedia
=338  \\$aonline resource$2rdacarrier
=985  \\$aISSN UK Centre note: C/T from ISSN 1358-6467 - please add 78X and fields when completing. ISSN UK, 26.10.2010
=CAT  \\$a11313$b40$c20101026$lBLL01$h1406
=CAT  \\$a11316$b40$c20101124$lBLL01$h1527
=FMT  \\$a  SE
=LAS  \\$a11316$b40$c20101124$lBLL01$h1527
=TCO  \\$aCLA$bCLA$c008

