=LDR  00959 as a22003138a 4500
=001  015689045
=003  Uk
=005  20201116124033.0
=007  ta
=008  101108c20119999enkqr\p\\\\\\\0\\\a0eng\\
=022  0\$a2045-8398$202
=040  \\$aUk$beng$cUk
=222  \0$aSacha journal of human rights$b(Print)
=245  00$aSacha journal of human rights (Print).
=260  \\$aLondon :$bSacha International
=263  \\$a201104
=310  \\$aQuarterly
=336  \\$atext$2rdacontent
=337  \\$aunmediated$2rdamedia
=338  \\$avolume$2rdacarrier
=985  \\$aAdd 776 to online format ISSN 2045-8517 when completing print ISSN
=CAT  \\$a11313$b40$c20101108$lBLL01$h1439
=CAT  \\$a11313$b40$c20101110$lBLL01$h1141
=CAT  \\$a11130$b40$c20110331$lBLL01$h1521
=CAT  \\$a7152$b40$c20201116$lBLL01$h1240
=FMT  \\$a  SE
=LAS  \\$a7152$b40$c20201116$lBLL01$h1240
=LET  \0$aSacha journal of human rights (Print)
=TCO  \\$aCLA$bCLA$c008

