=LDR  03297 as a2200793 a 4500
=001  015695173
=003  Uk
=005  20160720114703.0
=007  ta
=008  101116c20089999si\fr\p\\\\\\\0\\\a0eng\\
=022  \\$a1793-6179
=040  \\$aUk$beng$cUk$dUk
=245  00$aAdvances in synchrotron radiation.
=260  \\$aSingapore :$bWorld Scientific,$c2008-
=310  \\$aSemi-annual
=336  \\$atext$2rdacontent
=337  \\$aunmediated$2rdamedia
=338  \\$avolume$2rdacarrier
=362  0\$aVol. 1, no. 1 (June 2008)-
=530  \\$aAlso available online
=540  \\$aCurrent copyright fee: GBP35.00$c28\0$5Uk
=590  \\$aRoute ALL FAILED DSC requests to Records Team
=650  \0$aSynchrotron radiation$vPeriodicals.
=776  0\$tAdvances in synchrotron radiation (Online)$x1793-7124
=856  \\$31850-9999$uhttp://www.worldscientific.com/$xBLDSS
=945  \\$aAdvances in synchrotron radiation
=979  \\$aBritish Library$bDSC$j0711.595440N
=985  \\$aISSN free on Portal
=ACF  \\$aPrevious copyright fee: GBP18.75$c28\0$e01-jul-2011$fGBP18.75$g0$hP$5Uk
=ACF  \\$aPrevious copyright fee: GBP16.13$c28\0$e16-nov-2010$fGBP16.13$g0$hP$5Uk
=ACF  \\$aPrevious copyright fee: GBP19.35$c28\0$e01-jan-2012$fGBP19.35$g0$hP$5Uk
=ACF  \\$aPrevious copyright fee: GBP18.18$c28\0$e01-jul-2012$fGBP18.18$g0$hP$5Uk
=ACF  \\$aPrevious copyright fee: GBP19.35$c28\0$e01-jul-2013$fGBP19.35$g0$hP$5Uk
=ACF  \\$aPrevious copyright fee: GBP18.75$c28\0$e01-jan-2013$fGBP18.75$g0$hP$5Uk
=ACF  \\$aPrevious copyright fee: GBP20.00$c28\0$e25-jul-2013$fGBP20.00$g0$hP$5Uk
=ACF  \\$aPrevious copyright fee: GBP25.00$c28\0$e01-oct-2016$fGBP25.00$g0$hP$5Uk
=CAT  \\$a5763$b40$c20101116$lBLL01$h1459
=CAT  \\$aBATCH-UPD$b40$c20110518$lBLL01$h0949
=CAT  \\$a5552$b40$c20110613$lBLL01$h0919
=CAT  \\$aIPL-CLA$c20110630$lBLL01$h1550
=CAT  \\$aBATCH-UPD$b00$c20111123$lBLL01$h1844
=CAT  \\$aIPL-CLA$c20111230$lBLL01$h2036
=CAT  \\$aBATCH-UPD$b00$c20120518$lBLL01$h1720
=CAT  \\$aIPL-CLA$c20120629$lBLL01$h1041
=CAT  \\$aBATCH-CLA$b00$c20121109$lBLL01$h1720
=CAT  \\$aBATCH-UPD$b00$c20121121$lBLL01$h1633
=CAT  \\$aIPL-CLA$c20121231$lBLL01$h1330
=CAT  \\$aIPL-CLA$c20130102$lBLL01$h1804
=CAT  \\$aBATCH-UPD$b00$c20130522$lBLL01$h1736
=CAT  \\$aIPL-CLA$c20130701$lBLL01$h0140
=CAT  \\$a5552$b40$c20130725$lBLL01$h1152
=CAT  \\$a6537$b40$c20140814$lBLL01$h0930
=CAT  \\$a6537$b40$c20140814$lBLL01$h0950
=CAT  \\$aBLDSS-3PM$b00$c20141208$lBLL01$h1627
=CAT  \\$a8874$b40$c20141209$lBLL01$h0839
=CAT  \\$aBATCH-UPD$b40$c20160413$lBLL01$h1825
=CAT  \\$a5552$b40$c20160720$lBLL01$h1147
=CAT  \\$aIPL-CLA$c20160930$lBLL01$h1631
=CAT  \\$aBATCH-UPD$b00$c20170315$lBLL01$h1206
=CAT  \\$aIPL-CLA$c20170315$lBLL01$h1248
=CAT  \\$aBATCH-UPD$b00$c20180524$lBLL01$h1737
=CAT  \\$aIPL-CLA$c20180630$lBLL01$h1932
=CFI  0\$aCurrent copyright fee: GBP35.00$c28\0$e01-jul-2018$fGBP35.00$g0$hP$5Uk
=CFI  2\$aPrevious copyright fee: GBP30.00$c28\0$e15-mar-2017$fGBP30.00$g0$hP$5Uk
=FFP  \\$aY$bBLDSS-3PM
=FMT  \\$a  SE
=LAS  \\$aIPL-CLA$b00$c20180630$lBLL01$h1932
=TCO  \\$aZZZ$c008
=TOC  \\$aETOC

