=LDR  01005 as a22002898a 4500
=001  015697260
=003  Uk
=005  20101117110418.0
=007  ta
=008  101117c20119999at\fr\p\\\\\\\0\\\e0chi\\
=022  0\$a2045-8274$202
=040  \\$aUk$beng$cUk
=222  \0$aArthritis & rheumatism$b(Chinese ed.)
=245  00$aArthritis & rheumatism (Chinese ed.).
=246  3\$aArthritis and rheumatism
=260  \\$aRichmond (Vic.) :$bBlackwell Publishing Asia
=263  \\$a201104
=310  \\$aTwo issues yearly
=336  \\$atext$2rdacontent
=337  \\$aunmediated$2rdamedia
=338  \\$avolume$2rdacarrier
=985  \\$aISSN UK: Chinese version of 'Arthritis and rheumatism' (ISSN 0004-3591 - this may have changed it's title to 'Arthritis care & research' - not clear from OCLC records. Add links on completion.
=CAT  \\$a10806$b40$c20101117$lBLL01$h1104
=FMT  \\$a  SE
=LAS  \\$a10806$b40$c20101117$lBLL01$h1104
=LET  \0$aArthritis & rheumatism (Chinese edition)
=TCO  \\$aAUS$bCAL$c008

