=LDR  00835 as a22002778a 4500
=001  015699999
=003  Uk
=005  20101123114625.0
=007  ta
=008  101123c20119999enk\x\m\\\\\\\0\\\a0eng\\
=022  0\$a2045-9459$202
=040  \\$aUk$beng$cUk
=222  \0$aStudying
=245  00$aStudying.
=260  \\$aLondon :$bBloomsbury Academic
=263  \\$a201106
=310  \\$aIrregular
=336  \\$atext$2rdacontent
=337  \\$aunmediated$2rdamedia
=338  \\$avolume$2rdacarrier
=985  \\$aISSN UK: Condition of pre-publication assignment that the title 'Studying' had to be quoted separately - see correspondence in file (Richard, 23/11/10)
=CAT  \\$a10806$b40$c20101123$lBLL01$h1125
=CAT  \\$a10806$b40$c20101123$lBLL01$h1146
=FMT  \\$a  SE
=LAS  \\$a10806$b40$c20101123$lBLL01$h1146
=TCO  \\$aCLA$bCLA$c008

