=LDR  00877 as a22002898a 4500
=001  015702944
=003  Uk
=005  20130225092155.0
=007  ta
=008  101125c20109999enkwr\p\\\\\\\0\\\a0eng\\
=022  0\$a2045-8916$202
=040  \\$aUk$beng$cUk
=222  \0$aAd-mag$b(Leicestershire. Midweek ed.)
=245  00$aAd-mag.
=260  \\$aNottingham :$bNottingham Post
=263  \\$a201012
=310  \\$aWeekly
=336  \\$atext$2rdacontent
=337  \\$aunmediated$2rdamedia
=338  \\$avolume$2rdacarrier
=985  \\$aISSN UK Centre note: Please see also 'Ad-mag (Leicestershire. Weekend ed.) ISSN 2045-8924 (pre-pub). ISSN UK, 25.11.2010
=CAT  \\$a11313$b40$c20101125$lBLL01$h1019
=CAT  \\$a11313$b40$c20101125$lBLL01$h1023
=CAT  \\$a11130$b40$c20130225$lBLL01$h0921
=FMT  \\$a  SE
=LAS  \\$a11130$b40$c20130225$lBLL01$h0921
=TCO  \\$aCLA$bCLA$c008

