=LDR  00766 as a22002898a 4500
=001  015703065
=003  Uk
=005  20130301090804.0
=007  ta
=008  101125c20149999enkmr\n\\\\\\\0\\\a0eng\\
=022  0\$a2045-9335$202
=040  \\$aUk$beng$cUk
=222  \4$aThe spike$b(Qualify)
=245  04$aThe spike.
=260  \\$aLeeds :$bSpike News
=263  \\$a201402
=310  \\$aMonthly
=336  \\$atext$2rdacontent
=337  \\$aunmediated$2rdamedia
=338  \\$avolume$2rdacarrier
=985  \\$aC/T Aire Reporter ISSN 2044-3374
=CAT  \\$a11316$b40$c20101125$lBLL01$h1154
=CAT  \\$a11130$b40$c20110712$lBLL01$h1133
=CAT  \\$a11130$b40$c20130301$lBLL01$h0908
=FMT  \\$a  SE
=LAS  \\$a11130$b40$c20130301$lBLL01$h0908
=TCO  \\$aCLA$bCLA$c008

