=LDR  00921 as a22003018a 4500
=001  015705161
=003  Uk
=005  20101130121014.0
=007  ta
=008  101130c20119999cj\mr\p\\\\\\\0\\\a0eng\\
=022  0\$a2046-0007$202
=040  \\$aUk$beng$cUk
=222  \0$aMedical & health products$b(Print)
=245  00$aMedical & health products (Print).
=260  \\$aCayman Islands :$bTrade Media
=263  \\$a201102
=310  \\$aMonthly
=336  \\$atext$2rdacontent
=337  \\$aunmediated$2rdamedia
=338  \\$avolume$2rdacarrier
=776  0\$tMedical & health products$c(Online)$x2046-0015
=985  \\$aISSN UK: C/T from 'Global sources. Medical products & supplies' (ISSN 2219-2271)
=CAT  \\$a10806$b40$c20101130$lBLL01$h1128
=CAT  \\$a10806$b40$c20101130$lBLL01$h1210
=FMT  \\$a  SE
=LAS  \\$a10806$b40$c20101130$lBLL01$h1210
=LET  \0$aMedical & health products (Print)
=TCO  \\$aXXX$c008

