=LDR  00973 as a22003138a 4500
=001  015705163
=003  Uk
=005  20101130121054.0
=006  m\\\\\\\\d\|\\\\\\
=007  cr||||||||||||
=008  101130c20119999cj\mr\p\s\\\\\0\\\a0eng\\
=022  0\$a2046-0015$202
=040  \\$aUk$beng$cUk
=222  \0$aMedical & health products$b(Online)
=245  00$aMedical & health products (Online).
=260  \\$aCayman Islands :$bTrade Media
=263  \\$a201102
=310  \\$aMonthly
=336  \\$atext$2rdacontent
=337  \\$acomputer$2rdamedia
=338  \\$aonline resource$2rdacarrier
=776  0\$tMedical & health products$c(Print)$x2046-0007
=985  \\$aISSN UK: C/T from 'Global sources. Medical products & supplies' (ISSN 2219-228X)
=CAT  \\$a10806$b40$c20101130$lBLL01$h1130
=CAT  \\$a10806$b40$c20101130$lBLL01$h1210
=FMT  \\$a  SE
=LAS  \\$a10806$b40$c20101130$lBLL01$h1210
=LET  \0$aMedical & health products (Online)
=TCO  \\$aXXX$c008

