=LDR  01092 as a22003018a 4500
=001  015708580
=003  Uk
=005  20101203121847.0
=006  m\\\\\\\\d\|\\\\\\
=007  cr||||||||||||
=008  101203c20119999enkmn\\\s\\\\\0\\\a0eng\\
=022  0\$a2046-0651$202
=040  \\$aUk$beng$cUk
=222  \0$aManufacturing operations$b(Online)
=245  00$aManufacturing operations :$bmanagement
=260  \\$aKingston upon Thames :$bWolters Kluwer (UK)
=263  \\$a201101
=310  \\$aMonthly (except Jan. Nov. & Dec.)
=336  \\$atext$2rdacontent
=337  \\$acomputer$2rdamedia
=338  \\$aonline resource$2rdacarrier
=985  \\$aPlease add 780 link to ISSN 1466-5859 Management operations briefing which will need a minor title change to Manufacturing operations adding to the record. Changing format in 2011 and then due to cease in April 2011.
=CAT  \\$a11316$b40$c20101203$lBLL01$h1213
=CAT  \\$a11316$b40$c20101203$lBLL01$h1217
=CAT  \\$a11316$b40$c20101203$lBLL01$h1218
=FMT  \\$a  SE
=LAS  \\$a11316$b40$c20101203$lBLL01$h1218
=TCO  \\$aCLA$bCLA$c008

