=LDR  00870 as a22003018a 4500
=001  015708999
=003  Uk
=005  20101206095255.0
=006  m\\\\\\\\d\|\\\\\\
=007  cr||||||||||||
=008  101206c20119999enkmn\p\s\\\\\0\\\a0eng\\
=022  0\$a2046-0678$202
=040  \\$aUk$beng$cUk
=222  \0$aEurope briefing$b(Qualify)
=245  00$aEurope briefing.
=260  \\$aKingston upon Thames :$bWolters Kluwer (UK)
=263  \\$a201101
=310  \\$aMonthly
=336  \\$atext$2rdacontent
=337  \\$acomputer$2rdamedia
=338  \\$aonline resource$2rdacarrier
=780  00$tCroner Europe briefing (2002)
=985  \\$aChanging format in 2011. (Previous title has no ISSN)
=CAT  \\$a11316$b40$c20101206$lBLL01$h0951
=CAT  \\$a11316$b40$c20101206$lBLL01$h0952
=FMT  \\$a  SE
=LAS  \\$a11316$b40$c20101206$lBLL01$h0952
=TCO  \\$aCLA$bCLA$c008

