=LDR  00823 as a22002778a 4500
=001  015709093
=003  Uk
=005  20101206114153.0
=006  m\\\\\\\\d\|\\\\\\
=007  cr||||||||||||
=008  101206c20119999enkqx\\\s\\\\\0\\\a0eng\\
=022  0\$a2046-0708$202
=040  \\$aUk$beng$cUk
=222  \0$aRoad transport special report$b(Online)
=245  00$aRoad transport special report.
=260  \\$aKingston upon Thames :$bWolters Kluwer (UK)
=263  \\$a201101
=310  \\$aFour issues yearly
=336  \\$atext$2rdacontent
=337  \\$acomputer$2rdamedia
=338  \\$aonline resource$2rdacarrier
=985  \\$aPlease add 780 link to ISSN 1476-5942. Changing format in 2011.
=CAT  \\$a11316$b40$c20101206$lBLL01$h1141
=FMT  \\$a  SE
=LAS  \\$a11316$b40$c20101206$lBLL01$h1141
=TCO  \\$aCLA$bCLA$c008

