=LDR  00823 as a22002898a 4500
=001  015709105
=003  Uk
=005  20101206114826.0
=006  m\\\\\\\\d\|\\\\\\
=007  cr||||||||||||
=008  101206c20119999enkmr\\\s\\\\\0\\\a0eng\\
=022  0\$a2046-0716$202
=040  \\$aUk$beng$cUk
=222  \0$aHR newsletter$b(Online)
=245  00$aHR newsletter.
=246  3\$aHuman resources newsletter
=260  \\$aKingston upon Thames :$bWolters Kluwer (UK)
=263  \\$a201101
=310  \\$aMonthly
=336  \\$atext$2rdacontent
=337  \\$acomputer$2rdamedia
=338  \\$aonline resource$2rdacarrier
=985  \\$aPlease add 780 link to ISSN 1757-4528. Changing format in 2011.
=CAT  \\$a11316$b40$c20101206$lBLL01$h1148
=FMT  \\$a  SE
=LAS  \\$a11316$b40$c20101206$lBLL01$h1148
=TCO  \\$aCLA$bCLA$c008

