=LDR  00855 as a22002898a 4500
=001  015709116
=003  Uk
=005  20101206120041.0
=006  m\\\\\\\\d\|\\\\\\
=007  cr||||||||||||
=008  101206c20119999enkmx\\\s\\\\\0\\\a0eng\\
=022  0\$a2046-0724$202
=040  \\$aUk$beng$cUk
=222  \0$aManaging people$b(Kingston upon Thames. Online)
=245  00$aManaging people.
=260  \\$aKingston upon Thames :$bWolters Kluwer (UK)
=263  \\$a201101
=310  \\$aMonthly
=336  \\$atext$2rdacontent
=337  \\$acomputer$2rdamedia
=338  \\$aonline resource$2rdacarrier
=985  \\$aPlease add 780 link to ISSN 1746-1103. Changing format in 2011.
=CAT  \\$a11316$b40$c20101206$lBLL01$h1153
=CAT  \\$a11316$b40$c20101206$lBLL01$h1200
=FMT  \\$a  SE
=LAS  \\$a11316$b40$c20101206$lBLL01$h1200
=TCO  \\$aCLA$bCLA$c008

