=LDR  00806 as a22002778a 4500
=001  015709136
=003  Uk
=005  20101206120258.0
=006  m\\\\\\\\d\|\\\\\\
=007  cr||||||||||||
=008  101206c20119999enkbr\\\s\\\\\0\\\a0eng\\
=022  0\$a2046-0732$202
=040  \\$aUk$beng$cUk
=222  \0$aEquipment safety briefing$b(Online)
=245  00$aEquipment safety briefing.
=260  \\$aKingston upon Thames :$bWolters Kluwer (UK)
=263  \\$a201101
=310  \\$aBimonthly
=336  \\$atext$2rdacontent
=337  \\$acomputer$2rdamedia
=338  \\$aonline resource$2rdacarrier
=985  \\$aPlease add 780 link to ISSN 1366-7483. Changing format in 2011.
=CAT  \\$a11316$b40$c20101206$lBLL01$h1202
=FMT  \\$a  SE
=LAS  \\$a11316$b40$c20101206$lBLL01$h1202
=TCO  \\$aCLA$bCLA$c008

