=LDR  00802 as a22002778a 4500
=001  015709151
=003  Uk
=005  20101206121614.0
=006  m\\\\\\\\d\|\\\\\\
=007  cr||||||||||||
=008  101206c20119999enkmn\\\s\\\\\0\\\a0eng\\
=022  0\$a2046-0759$202
=040  \\$aUk$beng$cUk
=222  \0$aCare management briefing$b(Online)
=245  00$aCare management briefing.
=260  \\$aKingston upon Thames :$bWolters Kluwer (UK)
=263  \\$a201101
=310  \\$aMonthly
=336  \\$atext$2rdacontent
=337  \\$acomputer$2rdamedia
=338  \\$aonline resource$2rdacarrier
=985  \\$aPlease add 780 link to ISSN 1742-9331. Changing format in 2011.
=CAT  \\$a11316$b40$c20101206$lBLL01$h1216
=FMT  \\$a  SE
=LAS  \\$a11316$b40$c20101206$lBLL01$h1216
=TCO  \\$aCLA$bCLA$c008

