=LDR  00866 as a22002778a 4500
=001  015709155
=003  Uk
=005  20101206121921.0
=006  m\\\\\\\\d\|\\\\\\
=007  cr||||||||||||
=008  101206c20119999enkmr\\\s\\\\\0\\\a0eng\\
=022  0\$a2046-0767$202
=040  \\$aUk$beng$cUk
=222  \0$aRoad transport employment law briefing$b(Online)
=245  00$aRoad transport employment law briefing.
=260  \\$aKingston upon Thames :$bWolters Kluwer (UK)
=263  \\$a201101
=310  \\$aMonthly
=336  \\$atext$2rdacontent
=337  \\$acomputer$2rdamedia
=338  \\$aonline resource$2rdacarrier
=985  \\$aPlease add 780 link to ISSN 1352-0113. Changing format in 2011. Due to cease after Jan. 2011 issue.
=CAT  \\$a11316$b40$c20101206$lBLL01$h1219
=FMT  \\$a  SE
=LAS  \\$a11316$b40$c20101206$lBLL01$h1219
=TCO  \\$aCLA$bCLA$c008

