=LDR  00920 as a22002898a 4500
=001  015709216
=003  Uk
=005  20101206134956.0
=006  m\\\\\\\\d\|\\\\\\
=007  cr||||||||||||
=008  101206c20119999enkbx\\\s\\\\\0\\\a0eng\\
=022  0\$a2046-0775$202
=040  \\$aUk$beng$cUk
=222  \0$aHazard information & packaging special report$b(Online)
=245  00$aHazard information & packaging special report.
=246  3\$aHazard information and packaging special report
=260  \\$aKingston upon Thames :$bWolters Kluwer (UK)
=263  \\$a201101
=310  \\$aEight issues yearly
=336  \\$atext$2rdacontent
=337  \\$acomputer$2rdamedia
=338  \\$aonline resource$2rdacarrier
=985  \\$aPlease add 780 link to ISSN 1470-4455. Changing format in 2011.
=CAT  \\$a11316$b40$c20101206$lBLL01$h1349
=FMT  \\$a  SE
=LAS  \\$a11316$b40$c20101206$lBLL01$h1349
=TCO  \\$aCLA$bCLA$c008

