=LDR  00789 as a22002778a 4500
=001  015709229
=003  Uk
=005  20101206135825.0
=006  m\\\\\\\\d\|\\\\\\
=007  cr||||||||||||
=008  101206c20119999enkmn\\\s\\\\\0\\\a0eng\\
=022  0\$a2046-0783$202
=040  \\$aUk$beng$cUk
=222  \0$aLaboratory manager$b(Online)
=245  00$aLaboratory manager.
=260  \\$aKingston upon Thames :$bWolters Kluwer (UK)
=263  \\$a201101
=310  \\$aMonthly
=336  \\$atext$2rdacontent
=337  \\$acomputer$2rdamedia
=338  \\$aonline resource$2rdacarrier
=985  \\$aPlease add 780 link to ISSN 1368-6526 Changing format in 2011.
=CAT  \\$a11316$b40$c20101206$lBLL01$h1358
=FMT  \\$a  SE
=LAS  \\$a11316$b40$c20101206$lBLL01$h1358
=TCO  \\$aCLA$bCLA$c008

