=LDR  00872 as a22002778a 4500
=001  015709909
=003  Uk
=005  20101207154142.0
=006  m\\\\\\\\d\|\\\\\\
=007  cr||||||||||||
=008  101207c20119999wlkfr\p\s\\\\\0\\\a0eng\\
=022  0\$a2046-0422$202
=040  \\$aUk$beng$cUk
=222  \0$aCritical social studies$b(Qualify)
=245  00$aCritical social studies.
=260  \\$aNewport :$bUniversity of Wales
=263  \\$a201109
=310  \\$aSemiannual
=336  \\$atext$2rdacontent
=337  \\$acomputer$2rdamedia
=338  \\$aonline resource$2rdacarrier
=985  \\$aISSN UK: C/T from 'Imprints' (Print ISSN 1363-5964). Print title ceasing, switching to new title and new format. Please add links on completion.
=CAT  \\$a10806$b40$c20101207$lBLL01$h1541
=FMT  \\$a  SE
=LAS  \\$a10806$b40$c20101207$lBLL01$h1541
=TCO  \\$aCLA$bCLA$c008

