=LDR  00907 as a22003018a 4500
=001  015713177
=003  Uk
=005  20101210091511.0
=006  m\\\\\\\\d\|\\\\\\
=007  cr||||||||||||
=008  101210c20119999enkmx\p\s\\\\\0\\\a0eng\\
=022  0\$a2046-0813$202
=040  \\$aUk$beng$cUk
=222  \0$aPay & benefits briefing$b(Online)
=245  00$aPay & benefits briefing (Online).
=260  \\$aKingston upon Thames :$bWolters Kluwer (UK)
=263  \\$a201101
=310  \\$aMonthly
=336  \\$atext$2rdacontent
=337  \\$acomputer$2rdamedia
=338  \\$aonline resource$2rdacarrier
=985  \\$aPlease add 780 link to ISSN 0964-8704. Changing format in 2011.
=CAT  \\$a11316$b40$c20101210$lBLL01$h0857
=CAT  \\$a11316$b40$c20101210$lBLL01$h0906
=CAT  \\$a11316$b40$c20101210$lBLL01$h0915
=FMT  \\$a  SE
=LAS  \\$a11316$b40$c20101210$lBLL01$h0915
=TCO  \\$aCLA$bCLA$c008

