=LDR  00863 as a22002898a 4500
=001  015713282
=003  Uk
=005  20101210110238.0
=006  m\\\\\\\\d\|\\\\\\
=007  cr||||||||||||
=008  101210c20119999enkmn\\\s\\\\\0\\\a0eng\\
=022  0\$a2046-0910$202
=040  \\$aUk$beng$cUk
=222  \0$aCoach & bus briefing$b(Online)
=245  00$aCoach & bus briefing (Online).
=246  3\$aCoach and bus briefing
=260  \\$aKingston upon Thames :$bWolters Kluwer (UK)
=263  \\$a201101
=310  \\$aMonthly (except Jan. & Aug.)
=336  \\$atext$2rdacontent
=337  \\$acomputer$2rdamedia
=338  \\$aonline resource$2rdacarrier
=985  \\$aPlease add 780 link to ISSN 0967-0246. Changing format in 2011.
=CAT  \\$a11316$b40$c20101210$lBLL01$h1102
=FMT  \\$a  SE
=LAS  \\$a11316$b40$c20101210$lBLL01$h1102
=TCO  \\$aCLA$bCLA$c008

