=LDR  00841 as a22002778a 4500
=001  015713310
=003  Uk
=005  20101210112104.0
=006  m\\\\\\\\d\|\\\\\\
=007  cr||||||||||||
=008  101210c20119999enkmn\\\s\\\\\0\\\a0eng\\
=022  0\$a2046-0945$202
=040  \\$aUk$beng$cUk
=222  \0$aTrade international briefing$b(Online)
=245  00$aTrade international briefing (Online).
=260  \\$aKingston upon Thames :$bWolters Kluwer (UK)
=263  \\$a201101
=310  \\$aMonthly (except Jan. & Sept.)
=336  \\$atext$2rdacontent
=337  \\$acomputer$2rdamedia
=338  \\$aonline resource$2rdacarrier
=985  \\$aPlease add 780 link to ISSN 2043-7013. Changing format in 2011.
=CAT  \\$a11316$b40$c20101210$lBLL01$h1121
=FMT  \\$a  SE
=LAS  \\$a11316$b40$c20101210$lBLL01$h1121
=TCO  \\$aCLA$bCLA$c008

