=LDR  00862 as a22002778a 4500
=001  015713336
=003  Uk
=005  20101210113759.0
=006  m\\\\\\\\d\|\\\\\\
=007  cr||||||||||||
=008  101210c20119999enkmn\\\s\\\\\0\\\a0eng\\
=022  0\$a2046-0961$202
=040  \\$aUk$beng$cUk
=222  \0$aChemical safety briefing$b(Online)
=245  00$aChemical safety briefing (Online).
=260  \\$aKingston upon Thames :$bWolters Kluwer (UK)
=263  \\$a201101
=310  \\$aMonthly (except Jan. & Sept.)
=336  \\$atext$2rdacontent
=337  \\$acomputer$2rdamedia
=338  \\$aonline resource$2rdacarrier
=985  \\$aPlease add 780 link to ISSN 1742-9277. Changing format in 2011. (Previous title has no ISSN)
=CAT  \\$a11316$b40$c20101210$lBLL01$h1137
=FMT  \\$a  SE
=LAS  \\$a11316$b40$c20101210$lBLL01$h1137
=TCO  \\$aCLA$bCLA$c008

