=LDR  01007 as a22003378a 4500
=001  015713471
=003  Uk
=005  20120206134630.0
=006  m\\\\\\\\d\|\\\\\\
=007  cr||||||||||||
=008  101210c20139999enkfr\p\s\\\\\0\\\a0eng\\
=022  0\$a2046-1267$202
=040  \\$aUk$beng$cUk
=222  \0$aCLAWAR robots e-journal
=245  00$aCLAWAR robots e-journal.
=246  3\$aClimbing and walking robots electronic journal
=260  \\$aSheffield :$bCLAWAR Association
=263  \\$a201304
=310  \\$aTwo issues yearly
=336  \\$atext$2rdacontent
=337  \\$acomputer$2rdamedia
=338  \\$aonline resource$2rdacarrier
=710  2\$aCLAWAR Association.
=985  \\$aPlease add 787 for CLAWAR news ISSN 1466-8491. (Possibly 785)
=985  \\$aNew 710
=CAT  \\$a11316$b40$c20101210$lBLL01$h1428
=CAT  \\$a11316$b40$c20101210$lBLL01$h1456
=CAT  \\$a11130$b40$c20120206$lBLL01$h1346
=FMT  \\$a  SE
=LAS  \\$a11130$b40$c20120206$lBLL01$h1346
=TCO  \\$aCLA$bCLA$c008

