=LDR  01056 as a22003498a 4500
=001  015713488
=003  Uk
=005  20111019152526.0
=006  m\\\\\\\\d\|\\\\\\
=007  cr||||||||||||
=008  101210c20119999enkqr\p\s\\\\\0\\\a0eng\\
=022  0\$a2046-0538$202
=040  \\$aUk$beng$cUk
=222  \0$aPort$b(Online)
=245  00$aPort (Online)
=260  \\$aLondon :$bPort Publishing
=263  \\$a201103
=310  \\$aQuarterly
=336  \\$atext$2rdacontent
=337  \\$acomputer$2rdamedia
=338  \\$aonline resource$2rdacarrier
=985  \\$aPlease add 776 Port ISSN 2046-052X when completed.
=985  \\$aRe online / ipad application; not completed pending ISSNUK decision on usage.
=CAT  \\$a11315$b40$c20101210$lBLL01$h1444
=CAT  \\$a8871$b40$c20110914$lBLL01$h0859
=CAT  \\$a8871$b40$c20110914$lBLL01$h0922
=CAT  \\$a8871$b40$c20110914$lBLL01$h0925
=CAT  \\$aISSN$b40$c20111019$lBLL01$h1525
=FMT  \\$a  SE
=LAS  \\$aISSN$b40$c20111019$lBLL01$h1525
=LET  \0$aPort (Online)
=TCO  \\$aCLA$bCLA$c008

