=LDR  00963 as a22003018a 4500
=001  015715177
=003  Uk
=005  20101214121023.0
=006  m\\\\\\\\d\|\\\\\\
=007  cr||||||||||||
=008  101214c20119999enkmn\\\s\\\\\0\\\a0eng\\
=022  0\$a2046-0988$202
=040  \\$aUk$beng$cUk
=222  \0$aIndustrial health & safety briefing$b(Online)
=245  00$aIndustrial health & safety briefing (Online).
=246  3\$aIndustrial health and safety briefing
=260  \\$aKingston upon Thames :$bWolters Kluwer (UK)
=263  \\$a201101
=310  \\$aMonthly (except Feb., June & Oct.)
=336  \\$atext$2rdacontent
=337  \\$acomputer$2rdamedia
=338  \\$aonline resource$2rdacarrier
=985  \\$aPlease add 780 link to ISSN 1469-5057. Changing format in 2011.
=CAT  \\$a11316$b40$c20101214$lBLL01$h1157
=CAT  \\$a11316$b40$c20101214$lBLL01$h1210
=FMT  \\$a  SE
=LAS  \\$a11316$b40$c20101214$lBLL01$h1210
=TCO  \\$aCLA$bCLA$c008

