=LDR  00861 as a22002778a 4500
=001  015715188
=003  Uk
=005  20101214120836.0
=006  m\\\\\\\\d\|\\\\\\
=007  cr||||||||||||
=008  101214c20119999enkmn\\\s\\\\\0\\\a0eng\\
=022  0\$a2046-0996$202
=040  \\$aUk$beng$cUk
=222  \0$aHealth and safety training resource.$b(Online)
=245  00$aHealth and safety training resource (Online).
=260  \\$aKingston upon Thames :$bWolters Kluwer (UK)
=263  \\$a201101
=310  \\$aMonthly (except Jan., Apr. & Oct.)
=336  \\$atext$2rdacontent
=337  \\$acomputer$2rdamedia
=338  \\$aonline resource$2rdacarrier
=985  \\$aPlease add 780 link to ISSN 1368-6496. Changing format in 2011.
=CAT  \\$a11316$b40$c20101214$lBLL01$h1208
=FMT  \\$a  SE
=LAS  \\$a11316$b40$c20101214$lBLL01$h1208
=TCO  \\$aCLA$bCLA$c008

