=LDR  00811 as a22002778a 4500
=001  015717328
=003  Uk
=005  20101215084238.0
=006  m\\\\\\\\d\|\\\\\\
=007  cr||||||||||||
=008  101215c20119999enkmn\\\s\\\\\0\\\a0eng\\
=022  0\$a2046-1046$202
=040  \\$aUk$beng$cUk
=222  \0$aHealth and safety update$b(Online)
=245  00$aHealth and safety update (Online).
=260  \\$aKingston upon Thames :$bWolters Kluwer (UK)
=263  \\$a201101
=310  \\$aMonthly
=336  \\$atext$2rdacontent
=337  \\$acomputer$2rdamedia
=338  \\$aonline resource$2rdacarrier
=985  \\$aPlease add 780 link to ISSN 1472-2658. Changing format in 2011.
=CAT  \\$a11316$b40$c20101215$lBLL01$h0842
=FMT  \\$a  SE
=LAS  \\$a11316$b40$c20101215$lBLL01$h0842
=TCO  \\$aCLA$bCLA$c008

