=LDR  00946 as a22003018a 4500
=001  015717331
=003  Uk
=005  20101215084702.0
=006  m\\\\\\\\d\|\\\\\\
=007  cr||||||||||||
=008  101215c20119999enkmn\\\s\\\\\0\\\a0eng\\
=022  0\$a2046-1054$202
=040  \\$aUk$beng$cUk
=222  \0$aOffice health & safety briefing$b(Online)
=245  00$aOffice health & safety briefing (Online).
=246  3\$aOffice health and safety briefing
=260  \\$aKingston upon Thames :$bWolters Kluwer (UK)
=263  \\$a201101
=310  \\$aMonthly (except Mar. & Sept.)
=336  \\$atext$2rdacontent
=337  \\$acomputer$2rdamedia
=338  \\$aonline resource$2rdacarrier
=985  \\$aPlease add 780 link to ISSN 0968-6606. Changing format in 2011.
=CAT  \\$a11316$b40$c20101215$lBLL01$h0846
=CAT  \\$a11316$b40$c20101215$lBLL01$h0847
=FMT  \\$a  SE
=LAS  \\$a11316$b40$c20101215$lBLL01$h0847
=TCO  \\$aCLA$bCLA$c008

