=LDR  00835 as a22002778a 4500
=001  015717380
=003  Uk
=005  20101215100059.0
=006  m\\\\\\\\d\|\\\\\\
=007  cr||||||||||||
=008  101215c20119999enkmn\\\s\\\\\0\\\a0eng\\
=022  0\$a2046-1070$202
=040  \\$aUk$beng$cUk
=222  \0$aEnergy management briefing$b(Online)
=245  00$aEnergy management briefing (Online).
=260  \\$aKingston upon Thames :$bWolters Kluwer (UK)
=263  \\$a201101
=310  \\$aMonthly (except May & Nov.)
=336  \\$atext$2rdacontent
=337  \\$acomputer$2rdamedia
=338  \\$aonline resource$2rdacarrier
=985  \\$aPlease add 780 link to ISSN 1462-2122. Changing format in 2011.
=CAT  \\$a11316$b40$c20101215$lBLL01$h1000
=FMT  \\$a  SE
=LAS  \\$a11316$b40$c20101215$lBLL01$h1000
=TCO  \\$aCLA$bCLA$c008

