=LDR  00891 as a22002778a 4500
=001  015717388
=003  Uk
=005  20101215101021.0
=006  m\\\\\\\\d\|\\\\\\
=007  cr||||||||||||
=008  101215c20119999enkbx\\\s\\\\\0\\\a0eng\\
=022  0\$a2046-1089$202
=040  \\$aUk$beng$cUk
=222  \0$aTransport training and development briefing (Online)
=245  00$aTransport training and development briefing (Online).
=260  \\$aKingston upon Thames :$bWolters Kluwer (UK)
=263  \\$a201101
=310  \\$aEight issues yearly
=336  \\$atext$2rdacontent
=337  \\$acomputer$2rdamedia
=338  \\$aonline resource$2rdacarrier
=985  \\$aPlease add 780 link to ISSN 1467-0941. Changing format in 2011. Due to close after Feb. issue.
=CAT  \\$a11316$b40$c20101215$lBLL01$h1010
=FMT  \\$a  SE
=LAS  \\$a11316$b40$c20101215$lBLL01$h1010
=TCO  \\$aCLA$bCLA$c008

