=LDR  00872 as a22002778a 4500
=001  015717411
=003  Uk
=005  20101215104302.0
=006  m\\\\\\\\d\|\\\\\\
=007  cr||||||||||||
=008  101215c20119999enkmn\\\s\\\\\0\\\a0eng\\
=022  0\$a2046-1100$202
=040  \\$aUk$beng$cUk
=222  \0$aManagement of health risks special report$b(Online)
=245  00$aManagement of health risks special report (Online).
=260  \\$aKingston upon Thames :$bWolters Kluwer (UK)
=263  \\$a201101
=310  \\$aMonthly (except Jan., May & Sept.)
=336  \\$atext$2rdacontent
=337  \\$acomputer$2rdamedia
=338  \\$aonline resource$2rdacarrier
=985  \\$aPlease add 780 link to ISSN 1364-8519. Changing format in 2011.
=CAT  \\$a11316$b40$c20101215$lBLL01$h1043
=FMT  \\$a  SE
=LAS  \\$a11316$b40$c20101215$lBLL01$h1043
=TCO  \\$aCLA$bCLA$c008

