=LDR  00968 as a22002898a 4500
=001  015719026
=003  Uk
=005  20101220093208.0
=006  m\\\\\\\\d\|\\\\\\
=007  cr||||||||||||
=008  101220c20119999enkmr\p\s\\\\\0\\\a0eng\\
=022  0\$a2046-1593$202
=040  \\$aUk$beng$cUk
=222  \0$aDark fiction magazine
=245  00$aDark fiction magazine.
=260  \\$aBurton upon Trent :$bD. Lakin-Smith
=263  \\$a201101
=310  \\$aMonthly
=336  \\$atext$2rdacontent
=337  \\$acomputer$2rdamedia
=338  \\$aonline resource$2rdacarrier
=985  \\$aISSN UK: This is a pre-publication assignment to online text version of the short stories. Website as of 20/12/10 contains just audio versions of short stories - see file for correspondence (RB, 20/12/10)
=CAT  \\$a10806$b40$c20101220$lBLL01$h0928
=CAT  \\$a10806$b40$c20101220$lBLL01$h0932
=FMT  \\$a  SE
=LAS  \\$a10806$b40$c20101220$lBLL01$h0932
=TCO  \\$aCLA$bCLA$c008

