=LDR  01731 as a2200469 a 4500
=001  015722140
=003  Uk
=005  20130916110701.0
=006  m\\\\\\\\d\|\\\\\\
=007  cr||||||||||||
=008  101222d2010201uenkmr\p\o\\\\\0\\\a0eng\\
=040  \\$aUk$beng$cUk$dUk
=042  \\$aukblsr
=082  04$a362.10941$222
=245  00$aConservative Medical Society$h[electronic resource].
=260  \\$a[London] :$bConservative Medical Society,$c2010-
=310  \\$aMonthly
=336  \\$atext$2rdacontent
=337  \\$acomputer$2rdamedia
=338  \\$aonline resource$2rdacarrier
=362  0\$aAug. 2010-
=362  1\$aCeased in 2011?
=500  \\$aTitle from PDF caption (email, sent 22/10/2010).
=538  \\$aMode of access: email.
=538  \\$aSystem requirements: Adobe Acrobat Reader.
=650  \0$aMedical policy$zGreat Britain$vPeriodicals.
=710  2\$aConservative Medical Society (Great Britain)
=780  10$tCMS bulletin (Online)
=856  4\$uhttp://conservativemedicine.org.uk/$zTo subscribe
=985  \\$aISSN not assigned; title doesn't look stable; debate about changing name to "Conservative health" in Aug 2010 issue.
=CAT  \\$a3072$b40$c20101222$lBLL01$h1524
=CAT  \\$a3072$b40$c20101222$lBLL01$h1535
=CAT  \\$a8201$b40$c20121219$lBLL01$h0829
=CAT  \\$a7778$b40$c20130916$lBLL01$h1107
=CAT  \\$aW1711-1225$c20171203$lBLL01$h1041
=FIN  \\$aY$d20101222
=FMT  \\$a  SE
=LAS  \\$aW1711-1225$b00$c20171203$lBLL01$h1041
=LET  \0$aConservative Medical Society (Electronic)
=LKR  \\$aPAR$b015722137$lBLL01$r78010$mConservative Medical Society$nCMS bulletin
=STA  \\$aSUPPRESSED$bunable to determine reason for suppression
=TCO  \\$aCLA$bCLA$c008

