=LDR  01018 as a22002898a 4500
=001  015724635
=003  Uk
=005  20101229112558.0
=006  m\\\\\\\\d\|\\\\\\
=007  cr||||||||||||
=008  101229c20119999enk\x\m\s\\\\\0\\\a0eng\\
=022  0\$a2046-181X$202
=040  \\$aUk$beng$cUk
=222  \0$aRAFCAPS occasional paper
=245  00$aRAFCAPS occasional paper$h[electronic resource].
=246  3\$aRAF CAPS occasional paper
=246  3\$aRoyal Air Force Centre for Air Power Studies occasional paper
=260  \\$aSwindon :$bRoyal Air Force Centre for Air Power Studies
=336  \\$atext$2rdacontent
=337  \\$acomputer$2rdamedia
=338  \\$aonline resource$2rdacarrier
=985  \\$aContinues: RAFCAPS discussion paper ISSN 2046-1801. The first three issues of discussion papers may be renamed as occasional papers.
=CAT  \\$a11316$b40$c20101229$lBLL01$h1120
=CAT  \\$a11316$b40$c20101229$lBLL01$h1125
=FMT  \\$a  SE
=LAS  \\$a11316$b40$c20101229$lBLL01$h1125
=TCO  \\$aCLA$bCLA$c008

