=LDR  00918 as a22002778a 4500
=001  015726558
=003  Uk
=005  20110527141155.0
=007  ta
=008  110106c20119999enktr\p\\\\\\\0\\\a0eng\\
=022  0\$a2046-1925$202
=040  \\$aUk$beng$cUk
=222  \0$aCartoon kidzmag
=245  00$aCartoon kidzmag.
=260  \\$aLondon :$bKingsley Publishers
=263  \\$a201101
=310  \\$aThree issues yearly
=336  \\$atext$2rdacontent
=337  \\$aunmediated$2rdamedia
=338  \\$avolume$2rdacarrier
=985  \\$aFrequency may change, may be quarterly, see notes in ISSN pending file for further information. SB, ISSN UK Centre. Second application rec'd, May 23 2011. Frequency amended to three per year. ISSN UK, 27.05.2011
=CAT  \\$a7152$b40$c20110106$lBLL01$h1137
=CAT  \\$a11313$b40$c20110527$lBLL01$h1411
=FMT  \\$a  SE
=LAS  \\$a11313$b40$c20110527$lBLL01$h1411
=TCO  \\$aCLA$bCLA$c008

