=LDR  00873 as a22003018a 4500
=001  015745980
=003  Uk
=005  20110812120026.0
=007  ta
=008  110203c20119999enkbr\p\\\\\\\0\\\a0eng\\
=022  0\$a2046-4509$202
=040  \\$aUk$beng$cUk
=222  \0$aDSI special edition
=245  00$aDSI special edition
=260  \\$aLondon :$bBKSM International
=263  \\$a201105
=310  \\$aBimonthly
=336  \\$atext$2rdacontent
=337  \\$aunmediated$2rdamedia
=338  \\$avolume$2rdacarrier
=787  0\$tDefence & security international$x2046-4495
=985  \\$aPlease add 787 & LKR fields to ISSN 2046-4495 on completion.
=CAT  \\$a11315$b40$c20110203$lBLL01$h1441
=CAT  \\$a11315$b40$c20110203$lBLL01$h1442
=CAT  \\$a11205$b40$c20110812$lBLL01$h1200
=FMT  \\$a  SE
=LAS  \\$a11205$b40$c20110812$lBLL01$h1200
=TCO  \\$aCLA$bCLA$c008

