=LDR  01060 as a22003018a 4500
=001  015751097
=003  Uk
=005  20130524103618.0
=007  ta
=008  110211c20119999enkar\p\\\\\\\0\\\a0eng\\
=022  0\$a2046-5254$202
=040  \\$aUk$beng$cUk
=222  \0$aDomestic furniture$b(Print)
=245  00$aDomestic furniture (Print)
=260  \\$aTeddington :$bKey Note
=263  \\$a201102
=310  \\$aAnnual
=336  \\$atext$2rdacontent
=337  \\$aunmediated$2rdamedia
=338  \\$avolume$2rdacarrier
=985  \\$aPlease note: this is a C/T from 'Business ratio report. Domestic furniture manufacturers' (Aleph no. 011649974). Please add 78X and LKR fields when cataloguing. ISSN UK Centre, 11/02/11.
=985  \\$aSee also online edition (ISSN 2046-5262) - Please add 776 to both records when completing print version.
=CAT  \\$a11315$b40$c20110211$lBLL01$h1346
=CAT  \\$a10973$b40$c20130524$lBLL01$h1036
=FMT  \\$a  SE
=LAS  \\$a10973$b40$c20130524$lBLL01$h1036
=LET  \0$aDomestic furniture (Print)
=TCO  \\$aCLA$bCLA$c008

