=LDR  00961 as a22003018a 4500
=001  015764438
=003  Uk
=005  20111206105246.0
=007  ta
=008  110303c20119999enkar\p\\\\\\\0\\\a0eng\\
=022  0\$a2046-5831$202
=040  \\$aUk$beng$cUk
=222  \0$aTreatment strategies. Interventional cardiology$b(Print)
=245  00$aTreatment strategies.$pInterventional cardiology
=246  30$aInterventional cardiology
=260  \\$aLondon :$bCambridge Research Centre
=263  \\$a201106
=310  \\$aAnnual
=336  \\$atext$2rdacontent
=337  \\$aunmediated$2rdamedia
=338  \\$avolume$2rdacarrier
=985  \\$aPlease add 77X fields on completion (See online version ISSN = 2046-584X)
=CAT  \\$a11315$b40$c20110303$lBLL01$h1444
=CAT  \\$a10973$b40$c20111206$lBLL01$h1052
=FMT  \\$a  SE
=LAS  \\$a10973$b40$c20111206$lBLL01$h1052
=LET  \0$aTreatment strategies. Interventional cardiology (Print)
=TCO  \\$aCLA$bCLA$c008

