=LDR  00889 as a22002898a 4500
=001  015770464
=003  Uk
=005  20110314130759.0
=007  ta
=008  110314c20119999enkar\p\\\\\\\0\\\a0eng\\
=022  0\$a2046-6536$202
=040  \\$aUk$beng$cUk
=222  \0$aTreatment strategies. Diabetes$b(Print)
=245  00$aTreatment strategies.$pDiabetes (Print).
=246  30$aDiabetes
=260  \\$aLondon :$bCambridge Research Centre
=263  \\$a201104
=310  \\$aAnnual
=336  \\$atext$2rdacontent
=337  \\$aunmediated$2rdamedia
=338  \\$avolume$2rdacarrier
=985  \\$aISSN UK: Please add reciprocal 776 fields to this record and the online record (ISSN 2046-5793) on completion.
=CAT  \\$a10806$b40$c20110314$lBLL01$h1307
=FMT  \\$a  SE
=LAS  \\$a10806$b40$c20110314$lBLL01$h1307
=LET  \0$aTreatment strategies diabetes (Print)
=TCO  \\$aCLA$bCLA$c008

