=LDR  00873 as a22003018a 4500
=001  015774122
=003  Uk
=005  20140407141229.0
=007  ta
=008  110318c20119999enktr\p\\\\\\\0\\\a0eng\\
=022  0\$a2046-7699$202
=040  \\$aUk$beng$cUk
=222  \0$aMusic education UK$b(Print)
=245  00$aMusic education UK (Print)
=246  3\$aMusic education United Kingdom
=260  \\$aBath :$bZone New Media
=263  \\$a201106
=310  \\$aThree issues yearly
=336  \\$atext$2rdacontent
=337  \\$aunmediated$2rdamedia
=338  \\$avolume$2rdacarrier
=985  \\$aISSN UK: please add 776 link to online version on completion
=CAT  \\$a11315$b40$c20110318$lBLL01$h0858
=CAT  \\$a10806$b40$c20140407$lBLL01$h1412
=FMT  \\$a  SE
=LAS  \\$a10806$b40$c20140407$lBLL01$h1412
=LET  \0$aMusic education UK (Print)
=TCO  \\$aCLA$bCLA$c008

