=LDR  01046 as a22003258a 4500
=001  015774179
=003  Uk
=005  20110512085642.0
=007  ta
=008  110318c20119999enkar\p\\\\\\\0\\\a0eng\\
=022  0\$a2046-7737$202
=040  \\$aUk$beng$cUk
=222  \0$aTreatment strategies. Respiratory$b(Print)
=245  00$aTreatment strategies.$pRespiratory (Print)
=246  30$aRespiratory
=260  \\$aLondon :$bCambridge Research Centre
=263  \\$a201111
=310  \\$aAnnual
=336  \\$atext$2rdacontent
=337  \\$aunmediated$2rdamedia
=338  \\$avolume$2rdacarrier
=985  \\$aISSN UK: Please add reciprocal 776 fields to this record and the online record (ISSN 2046-5823) on completion.
=CAT  \\$a11315$b40$c20110318$lBLL01$h1048
=CAT  \\$a11315$b40$c20110318$lBLL01$h1058
=CAT  \\$a11315$b40$c20110318$lBLL01$h1103
=CAT  \\$a8483$b40$c20110512$lBLL01$h0856
=FMT  \\$a  SE
=LAS  \\$a8483$b40$c20110512$lBLL01$h0856
=LET  \0$aTreatment strategies. Respiratory (Print)
=TCO  \\$aCLA$bCLA$c008

