=LDR  01175 as a22003378a 4500
=001  015778340
=003  Uk
=005  20120327093004.0
=007  ta
=008  110324c20119999enkar\p\\\\\\\0\\\a0eng\\
=022  0\$a2046-8229$z2046-8202$202
=040  \\$aUk$beng$cUk
=222  \0$aTreatment strategies. Pediatrics$b(Print)
=245  00$aTreatment strategies.$pPediatrics (Print)
=246  30$aPediatrics
=246  13$aTreatment strategies.$pPaediatrics
=260  \\$aLondon :$bCambridge Research Centre
=263  \\$a201111
=310  \\$aAnnual
=336  \\$atext$2rdacontent
=337  \\$aunmediated$2rdamedia
=338  \\$avolume$2rdacarrier
=776  0\$tTreatment strategies. Pediatrics$c(Online)$x2046-8237
=985  \\$aISSN UK Centre note: Issues alternate between US and European editions with consecutive numbering. Spelling of 'Pediatrics'/'Paediatrics' will also alternate.
=CAT  \\$a11315$b40$c20110324$lBLL01$h1204
=CAT  \\$a10973$b40$c20120327$lBLL01$h0928
=CAT  \\$a10973$b40$c20120327$lBLL01$h0930
=FMT  \\$a  SE
=LAS  \\$a10973$b40$c20120327$lBLL01$h0930
=LET  \0$aTreatment strategies. Pediatrics (Print)
=TCO  \\$aCLA$bCLA$c008

