=LDR  01177 as a22003378a 4500
=001  015778343
=003  Uk
=005  20120327093009.0
=006  m\\\\\\\\d\|\\\\\\
=007  cr||||||||||||
=008  110324c20119999enkar\p\s\\\\\0\\\a0eng\\
=022  0\$a2046-8237$z2046-8210$202
=040  \\$aUk$beng$cUk
=222  \0$aTreatment strategies. Pediatrics$b(Online)
=245  00$aTreatment strategies$pPediatrics (Online)
=246  30$aPediatrics
=246  13$aTreatment strategies.$pPaediatrics
=260  \\$aLondon :$bCambridge Research Centre
=263  \\$a201111
=310  \\$aAnnual
=336  \\$atext$2rdacontent
=337  \\$acomputer$2rdamedia
=338  \\$aonline resource$2rdacarrier
=776  0\$tTreatment strategies. Pediatrics$c(Print)$x2046-8229
=985  \\$aISSN UK Centre note: Issues alternate between US and European editions with consecutive numbering. Spelling of 'Pediatrics'/'Paediatrics' will also alternate.
=CAT  \\$a11315$b40$c20110324$lBLL01$h1204
=CAT  \\$a10973$b40$c20120327$lBLL01$h0930
=FMT  \\$a  SE
=LAS  \\$a10973$b40$c20120327$lBLL01$h0930
=LET  \0$aTreatment strategies. Pediatrics (Online)
=TCO  \\$aCLA$bCLA$c008

