=LDR  00968 as a22002898a 4500
=001  015779012
=003  Uk
=005  20110325141610.0
=006  m\\\\\\\\d\|\\\\\\
=007  cr||||||||||||
=008  110325c20119999enkar\p\s\\\\\0\\\a0eng\\
=022  0\$a2046-830X$202
=040  \\$aUk$beng$cUk
=222  \0$aCIPFA housing rent arrears and housing benefits statistics
=245  00$aCIPFA housing rent arrears and housing benefits statistics
=260  \\$aLondon :$bCIPFA
=263  \\$a201105
=310  \\$aAnnual
=336  \\$atext$2rdacontent
=337  \\$acomputer$2rdamedia
=338  \\$aonline resource$2rdacarrier
=710  2\$aChartered Institute of Public Finance and Accountancy.
=985  \\$aISSN note: online version of 012912887. Possible online continuation of print version. Please add 77X fields as required. 25/3/11.
=CAT  \\$a11315$b40$c20110325$lBLL01$h1416
=FMT  \\$a  SE
=LAS  \\$a11315$b40$c20110325$lBLL01$h1416
=TCO  \\$aCLA$bCLA$c008

