=LDR  00896 as a22002898a 4500
=001  015782069
=003  Uk
=005  20110330073641.0
=006  m\\\\\\\\d\|\\\\\\
=007  cr||||||||||||
=008  110330c20119999enkar\p\s\\\\\0\\\a0eng\\
=022  0\$a2046-6919$202
=040  \\$aUk$beng$cUk
=222  \0$aCraft stamper e-zine
=245  00$aCraft stamper e-zine.
=260  \\$aMalvern :$bTraplet Publications
=263  \\$a201104
=310  \\$aAnnual
=336  \\$atext$2rdacontent
=337  \\$acomputer$2rdamedia
=338  \\$aonline resource$2rdacarrier
=985  \\$aISSN UK Centre note: Please see 'Craft stamper' ISSN 1469-3992 - may need to add 787 fields to records when completing. ISSN UK, 30.03.2011
=CAT  \\$a11313$b40$c20110330$lBLL01$h0735
=CAT  \\$a11313$b40$c20110330$lBLL01$h0736
=FMT  \\$a  SE
=LAS  \\$a11313$b40$c20110330$lBLL01$h0736
=TCO  \\$aCLA$bCLA$c008

