=LDR  00821 as a22002778a 4500
=001  015812913
=003  Uk
=005  20110524144658.0
=007  ta
=008  110524c20119999enkbr\p\\\\\\\0\\\a0chi\\
=022  0\$a2047-2285$202
=040  \\$aUk$beng$cUk
=222  \0$aMWP China
=245  00$aMWP China.
=246  3\$aMetalworking production China
=260  \\$aLondon :$bCentaur Media
=263  \\$a201107
=310  \\$aBimonthly
=336  \\$atext$2rdacontent
=337  \\$aunmediated$2rdamedia
=338  \\$avolume$2rdacarrier
=985  \\$aISSN UK: Chinese language version of 'Metalworking production' ISSN 0026-1033 - please pass to ISSN Centre before completing (Richard, 24/05/11)
=CAT  \\$a10806$b40$c20110524$lBLL01$h1446
=FMT  \\$a  SE
=LAS  \\$a10806$b40$c20110524$lBLL01$h1446
=TCO  \\$aCLA$bCLA$c008

