=LDR  00945 as a22003018a 4500
=001  015815793
=003  Uk
=005  20120816153908.0
=006  m\\\\\\\\d\|\\\\\\
=007  cr||||||||||||
=008  110531c20119999enkbr\p\s\\\\\0\\\a0eng\\
=022  0\$a2047-0878$202
=040  \\$aUk$beng$cUk
=222  \0$aUnique bride magazine$b(Online)
=245  00$aUnique bride magazine (Online).
=260  \\$aCongleton :$bDragoon Publishing
=263  \\$a201109
=310  \\$aBimonthly
=336  \\$atext$2rdacontent
=337  \\$acomputer$2rdamedia
=338  \\$aonline resource$2rdacarrier
=985  \\$aISSN UK Centre: Please add 776 fields to this and print record when completing. See ISSN 2047-086X for print version.
=CAT  \\$a11313$b40$c20110531$lBLL01$h0901
=CAT  \\$a10973$b40$c20120816$lBLL01$h1539
=FMT  \\$a  SE
=LAS  \\$a10973$b40$c20120816$lBLL01$h1539
=LET  \0$aUnique bride magazine (Online)
=TCO  \\$aCLA$bCLA$c008

