=LDR  00938 as a22002898a 4500
=001  015816050
=003  Uk
=005  20110603072814.0
=007  ta
=008  110531c20119999enkqr\p\\\\\\\0\\\a0eng\\
=022  0\$a2047-0886$202
=040  \\$aUk$beng$cUk
=222  \0$aAFM journal
=245  00$aAFM journal.
=246  3\$aAccounting, finance and management journal
=260  \\$aColchester :$bUniversity of Essex, Accounting, Finance & Management Dept.
=263  \\$a201109
=310  \\$aQuarterly
=336  \\$atext$2rdacontent
=337  \\$aunmediated$2rdamedia
=338  \\$avolume$2rdacarrier
=985  \\$aISSN UK Centre note: One issue published in 2003. Now relaunching under same title. Please amend date in 008 when completing. ISSN UK, 31.05.2011
=CAT  \\$a11313$b40$c20110531$lBLL01$h1422
=CAT  \\$a11313$b40$c20110603$lBLL01$h0728
=FMT  \\$a  SE
=LAS  \\$a11313$b40$c20110603$lBLL01$h0728
=TCO  \\$aCLA$bCLA$c008

