=LDR  00762 as a22002658a 4500
=001  015823527
=003  Uk
=005  20110610104510.0
=007  ta
=008  110610c20119999enkqr\p\\\\\\\0\\\a0eng\\
=022  0\$a2047-3109$202
=040  \\$aUk$beng$cUk
=222  \0$aViya woman
=245  00$aViya woman
=260  \\$aLondon :$bBo Publications
=263  \\$a201111
=310  \\$aQuarterly
=336  \\$atext$2rdacontent
=337  \\$aunmediated$2rdamedia
=338  \\$avolume$2rdacarrier
=985  \\$aISSN note: related title 'Viya' (Aleph no. 013083759, ISSN 1746-1650). Please add 787 and LKR fields when cataloguing. 10/06/11.
=CAT  \\$a11315$b40$c20110610$lBLL01$h1045
=FMT  \\$a  SE
=LAS  \\$a11315$b40$c20110610$lBLL01$h1045
=TCO  \\$aCLA$bCLA$c008

