=LDR  01318 as a22003737a 4500
=001  015829614
=003  Uk
=005  20190507083150.0
=006  m\\\\\\\\d\|\\\\\\
=007  cr||||||||||||
=008  110621c20109999ii\uu\p\s\\\\\0\\\a0eng\\
=022  0\$a2047-3338
=040  \\$aUk$beng$cUk
=222  \0$aInternational journal of computer science and telecommunications
=245  00$aInternational journal of computer science and telecommunications$h[electronic resource].
=246  3\$aIJCST
=260  \\$aLondon :$bSysbase Solution
=264  31$aHyderabad :$bHruang Science Press
=336  \\$atext$2rdacontent
=337  \\$acomputer$2rdamedia
=338  \\$aonline resource$2rdacarrier
=856  40$uhttp://www.ijcst.org/$zLink no longer valid
=856  4\$uhttps://www.hruangscience.com/ijcst$zTo subscribe
=985  \\$aISSN completion based on journal homepage, viewed 21/06/11.
=985  \\$aISSN transferred from ISSN UK to ISSN India, 07.05.2019.
=CAT  \\$a10806$b40$c20110621$lBLL01$h1100
=CAT  \\$a11313$b40$c20190503$lBLL01$h1025
=CAT  \\$a11313$b40$c20190503$lBLL01$h1026
=CAT  \\$a11313$b40$c20190503$lBLL01$h1035
=CAT  \\$a11313$b40$c20190507$lBLL01$h0831
=FIN  \\$aY$d20110621
=FMT  \\$a  SE
=LAS  \\$a11313$b40$c20190507$lBLL01$h0831
=TCO  \\$aCLA$bCLA$c008

