=LDR  04259cas a22009737a 4500
=001  015845871
=003  Uk
=005  20230801101057.0
=008  110712c20119999gw\qr\p\\\\\\\0\\\a0eng\\
=022  \\$y2191-2203
=040  \\$aUk$beng$cUk$dUk
=082  04$a338.27$221
=245  00$aMineral economics :$braw materials report.
=246  30$aRaw materials report
=260  \\$aHeidelberg :$bSpringer Science & Business Media,$c2011-
=300  \\$av. :$bill. ;$c30 cm.
=310  \\$aQuarterly
=336  \\$atext$2rdacontent
=337  \\$aunmediated$2rdamedia
=338  \\$avolume$2rdacarrier
=362  0\$aVol. 24, no. 1 (July 2011)-
=530  \\$aAlso available online
=540  \\$aCurrent copyright fee: GBP29.95$c22\1$5Uk
=550  \\$aJoint project of Lulea University of Technology and the Raw Materials Group.
=590  \\$aRoute ALL FAILED DSC requests to Records Team
=595  \\$aFORMERLY 5790.497000.
=650  \0$aMineral industries$vPeriodicals.
=650  \0$aMetal trade$vPeriodicals.
=650  \0$aRaw materials$xEconomic aspects$vPeriodicals.
=710  2\$aLulea tekniska universitet.
=710  2\$aRaw Materials Group.
=780  00$tMinerals & energy. Raw materials report$x1404-1049
=856  \\$31850-9999$uhttp://www.springer.com/gb/$xBLDSS
=945  \\$aMineral Economics
=979  \\$aBritish Library$bDSC$j5776.878000
=985  \\$aISSN free on Portal
=ACF  \\$aPrevious copyright fee: GBP22.00$c22\3$e12-jul-2011$fGBP10.50$g0$hP$5Uk
=ACF  \\$aPrevious copyright fee: GBP22.00$c22\3$e12-aug-2012$fGBP22.00$g0$hP$5Uk
=ACF  \\$aPrevious copyright fee: GBP25.00$c22\3$e01-jan-2013$fGBP25.00$g0$hP$5Uk
=ACF  \\$aPrevious copyright fee: GBP25.77$c22\3$e01-jul-2013$fGBP25.77$g0$hP$5Uk
=ACF  \\$aPrevious copyright fee: GBP24.97$c22\3$e01-jan-2014$fGBP24.97$g0$hP$5Uk
=ACF  \\$aPrevious copyright fee: GBP24.21$c22\3$e01-jul-2014$fGBP24.21$g0$hP$5Uk
=ACF  \\$aPrevious copyright fee: GBP25.77$c22\3$e01-apr-2015$fGBP25.77$g0$hP$5Uk
=ACF  \\$aPrevious copyright fee: GBP26.63$c22\3$e01-jul-2015$fGBP26.63$g0$hP$5Uk
=ACF  \\$aPrevious copyright fee: GBP25.77$c22\3$e01-oct-2015$fGBP25.77$g0$hP$5Uk
=ACF  \\$aPrevious copyright fee: GBP27.55$c22\3$e01-apr-2016$fGBP27.55$g0$hP$5Uk
=ACF  \\$aPrevious copyright fee: GBP29.59$c22\3$e01-oct-2016$fGBP29.59$g0$hP$5Uk
=ACF  \\$aPrevious copyright fee: GBP31.96$c22\3$e01-apr-2017$fGBP31.96$g0$hP$5Uk
=ACF  \\$aPrevious copyright fee: GBP30.73$c22\3$e01-oct-2017$fGBP30.73$g0$hP$5Uk
=ACF  \\$aPrevious copyright fee: GBP28.54$c22\3$e01-apr-2018$fGBP28.54$g0$hP$5Uk
=CAT  \\$a5763$b40$c20110712$lBLL01$h1501
=CAT  \\$aBATCH-UPD$b00$c20150520$lBLL01$h1752
=CAT  \\$aIPL-CLA$c20150630$lBLL01$h1715
=CAT  \\$aBATCH-UPD$b00$c20150820$lBLL01$h1839
=CAT  \\$aIPL-CLA$c20150930$lBLL01$h1842
=CAT  \\$aBATCH-UPD$b00$c20160217$lBLL01$h1730
=CAT  \\$aIPL-CLA$c20160331$lBLL01$h1805
=CAT  \\$aBATCH-UPD$b00$c20160413$lBLL01$h1825
=CAT  \\$aBATCH-UPD$b00$c20160524$lBLL01$h2214
=CAT  \\$aBATCH-UPD$b00$c20160525$lBLL01$h0053
=CAT  \\$aBATCH-UPD$b00$c20160824$lBLL01$h1757
=CAT  \\$aIPL-CLA$c20160930$lBLL01$h1633
=CAT  \\$aBATCH-UPD$b00$c20170216$lBLL01$h1845
=CAT  \\$aIPL-CLA$c20170331$lBLL01$h1911
=CAT  \\$aBATCH-UPD$b00$c20170904$lBLL01$h1854
=CAT  \\$aIPL-CLA$c20170929$lBLL01$h1757
=CAT  \\$a5410$b40$c20171113$lBLL01$h1203
=CAT  \\$aBATCH-UPD$b40$c20180223$lBLL01$h1726
=CAT  \\$a8055$b40$c20180328$lBLL01$h1334
=CAT  \\$aIPL-CLA$c20180331$lBLL01$h1655
=CAT  \\$aBATCH-UPD$b00$c20180524$lBLL01$h1715
=CAT  \\$aIPL-CLA$c20180630$lBLL01$h1934
=CAT  \\$a5410$b40$c20191121$lBLL01$h0906
=CAT  \\$aBATCH-UPD$b40$c20221121$lBLL01$h1405
=CAT  \\$aIPL-CLA$c20221231$lBLL01$h1451
=CAT  \\$a8874$b40$c20230801$lBLL01$h1010
=CFI  0\$aCurrent copyright fee: GBP29.95$c22\1$e01-jan-2023$fGBP29.95$g0$hP$5Uk
=CFI  2\$aPrevious copyright fee: GBP34.00$c22\1$e01-jul-2018$fGBP34.00$g0$hP$5Uk
=FFP  \\$aY$bBLDSS-3PM
=FMT  \\$a  SE
=LAS  \\$a8874$b40$c20230801$lBLL01$h1010
=TCO  \\$aCLA$bCLA$cCLA
=TOC  \\$aETOC
=UNO  \\$aY

