=LDR  00794 as a22002778a 4500
=001  015854316
=003  Uk
=005  20110725113651.0
=007  ta
=008  110725c20119999enkbr\p\\\\\\\0\\\a0eng\\
=022  0\$a2047-7511$202
=040  \\$aUk$beng$cUk
=222  \0$aBlues & soul$b(2011)
=245  00$aBlues & soul.
=246  3\$aBlues and soul
=260  \\$aCroydon :$bBlues & Soul
=263  \\$a201108
=310  \\$aBimonthly
=336  \\$atext$2rdacontent
=337  \\$aunmediated$2rdamedia
=338  \\$avolume$2rdacarrier
=985  \\$aISSN UK Centre note: Change of format from online (no ISSN). See pending file for further details. ISSN UK, 25.07.2011
=CAT  \\$a11313$b40$c20110725$lBLL01$h1136
=FMT  \\$a  SE
=LAS  \\$a11313$b40$c20110725$lBLL01$h1136
=TCO  \\$aCLA$bCLA$c008

