=LDR  00986 as a22003138a 4500
=001  015855264
=003  Uk
=005  20111206145350.0
=007  ta
=008  110726c20129999enkar\p\\\\\\\0\\\a0eng\\
=022  0\$a2047-7597$z2047-7570$202
=040  \\$aUk$beng$cUk
=222  \0$aTreatment strategies. Hematology$b(Print)
=245  00$aTreatment strategies.$pHematology (Print)
=246  30$aHematology
=260  \\$aLondon :$bCambridge Research Centre
=263  \\$a201201
=310  \\$aAnnual
=336  \\$atext$2rdacontent
=337  \\$aunmediated$2rdamedia
=338  \\$avolume$2rdacarrier
=985  \\$aISSN UK Centre: Please add 77x fields on completion - See online version (ISSN 2047-7600).
=CAT  \\$a11313$b40$c20110726$lBLL01$h1522
=CAT  \\$a10973$b40$c20111206$lBLL01$h1405
=CAT  \\$a10973$b40$c20111206$lBLL01$h1453
=FMT  \\$a  SE
=LAS  \\$a10973$b40$c20111206$lBLL01$h1453
=LET  \0$aTreatment strategies. Hematology (Print)
=TCO  \\$aCLA$bCLA$c008

