=LDR  00933 as a22003018a 4500
=001  015866304
=003  Uk
=005  20130131092353.0
=006  m\\\\\\\\d\|\\\\\\
=007  cr||||||||||||
=008  110810c20139999stk\x\p\s\\\\\0\\\a0eng\\
=022  0\$a2048-0008$202
=040  \\$aUk$beng$cUk
=222  \0$aAnon$b(Edinburgh. Online)
=245  00$aAnon (Online)
=260  \\$aEdinburgh :$bAnon Poetry Magazine
=263  \\$a201306
=310  \\$aIrregular
=336  \\$atext$2rdacontent
=337  \\$acomputer$2rdamedia
=338  \\$aonline resource$2rdacarrier
=985  \\$aISSN note: this is the online version of Aleph no. 015698076 (Issn 2045-8347). Please add 776 fields on completion. 10/08/11.
=CAT  \\$a11315$b40$c20110810$lBLL01$h1509
=CAT  \\$a11130$b40$c20111230$lBLL01$h1439
=CAT  \\$a11130$b40$c20130131$lBLL01$h0923
=FMT  \\$a  SE
=LAS  \\$a11130$b40$c20130131$lBLL01$h0923
=TCO  \\$aCLA$bCLA$c008

