=LDR  01140 as a22003258a 4500
=001  015867560
=003  Uk
=005  20130319121459.0
=006  m\\\\\\\\d\|\\\\\\
=007  cr||||||||||||
=008  110815c20139999enkar\p\s\\\\\0\\\z0per\\
=022  0\$a2048-0024$202
=040  \\$aUk$beng$cUk
=222  \0$aDossieh$b(Women Living Under Muslim Laws (Organization). Farsi ed.)
=245  00$aDossieh.
=246  13$aJornal-e-zanan va ghavanien dar javame'a Mosalman
=260  \\$aLondon :$bWomen Living Under Muslim Laws
=263  \\$a201310
=310  \\$aAnnual
=336  \\$atext$2rdacontent
=337  \\$acomputer$2rdamedia
=338  \\$aonline resource$2rdacarrier
=710  2\$aWomen Living Under Muslim Laws (Organization)
=985  \\$aISSN UK Centre note: Need to ask IC to take resp. for this ISSN once we have completed it - publisher listed in Yearbook of Int. Organizations. ISSN UK, 15.08.2011
=CAT  \\$a11313$b40$c20110815$lBLL01$h1109
=CAT  \\$a11313$b40$c20110815$lBLL01$h1129
=CAT  \\$a11130$b40$c20130319$lBLL01$h1214
=FMT  \\$a  SE
=LAS  \\$a11130$b40$c20130319$lBLL01$h1214
=TCO  \\$aCLA$bCLA$c008

