=LDR  01063 as a22003018a 4500
=001  015871357
=003  Uk
=005  20120921114320.0
=006  m\\\\\\\\d\|\\\\\\
=007  cr||||||||||||
=008  110818c20119999enkar\p\s\\\\\0\\\a0eng\\
=022  0\$a2048-0830$202
=040  \\$aUk$beng$cUk
=222  \4$aThe annual abstract of banking statistics$b(2011. Online)
=245  04$aThe annual abstract of banking statistics (Online)
=260  \\$aLondon :$bBritish Bankers' Association
=263  \\$a201109
=310  \\$aAnnual
=336  \\$atext$2rdacontent
=337  \\$acomputer$2rdamedia
=338  \\$aonline resource$2rdacarrier
=985  \\$aISSN note: this is a C/T from 'Abstract of banking statistics' (online only, Aleph no. 014782110, ISSN 1758-8820). Please add 78X and LKR fields when cataloguing.
=CAT  \\$a11315$b40$c20110818$lBLL01$h1409
=CAT  \\$aISSN$b40$c20120921$lBLL01$h1143
=FMT  \\$a  SE
=LAS  \\$aISSN$b40$c20120921$lBLL01$h1143
=LET  \4$aThe annual abstract of banking statistics (2011. Online)
=TCO  \\$aCLA$bCLA$c008

