=LDR  00804 as a22002658a 4500
=001  015882269
=003  Uk
=005  20110902120107.0
=007  ta
=008  110902c20119999wlkmr\p\\\\\\\0\\\a0eng\\
=022  0\$a2048-1373$202
=040  \\$aUk$beng$cUk
=222  \0$aStiffs
=245  00$aStiffs.
=260  \\$aPenarth :$bDeadstar Publishing
=263  \\$a201110
=310  \\$aMonthly
=336  \\$atext$2rdacontent
=337  \\$aunmediated$2rdamedia
=338  \\$avolume$2rdacarrier
=985  \\$aPreview issue published earlier in 2011 but no copy available, ISSN assigned as pre-pub to be completed when 'first' issue published in October 2011. ISSN UK Centre, SB. 2.9.11
=CAT  \\$a7152$b40$c20110902$lBLL01$h1201
=FMT  \\$a  SE
=LAS  \\$a7152$b40$c20110902$lBLL01$h1201
=TCO  \\$aCLA$bCLA$c008

