=LDR  00872 as a22002778a 4500
=001  015882270
=003  Uk
=005  20111020091751.0
=007  ta
=008  110902c20119999wlkmr\p\\\\\\\0\\\a0eng\\
=022  0\$a2048-1365$202
=040  \\$aUk$beng$cUk
=222  \4$aThe pride$b(Qualify)
=245  04$aThe pride.
=260  \\$aPenarth :$bDeadstar Publishing
=263  \\$a201111
=310  \\$aMonthly
=336  \\$atext$2rdacontent
=337  \\$aunmediated$2rdamedia
=338  \\$avolume$2rdacarrier
=985  \\$aPreview issue published earlier in 2011 but no copy available, ISSN assigned as pre-pub to be completed when 'first' issue published in November 2011. ISSN UK Centre, SB. 2.9.11
=CAT  \\$a7152$b40$c20110902$lBLL01$h1201
=CAT  \\$a11316$b40$c20111020$lBLL01$h0917
=FMT  \\$a  SE
=LAS  \\$a11316$b40$c20111020$lBLL01$h0917
=TCO  \\$aCLA$bCLA$c008

