=LDR  00874 as a22002898a 4500
=001  015883902
=003  Uk
=005  20110906130855.0
=007  ta
=008  110906c20119999enkmr\p\\\\\\\0\\\a0eng\\
=022  0\$a2048-3716$202
=040  \\$aUk$beng$cUk
=222  \0$aFast n modified magazine
=245  00$aFast n modified magazine.
=246  3\$aFast and modified magazine
=260  \\$aMilton Keynes :$bFast N Modified Magazine
=263  \\$a201109
=310  \\$aMonthly
=336  \\$atext$2rdacontent
=337  \\$aunmediated$2rdamedia
=338  \\$avolume$2rdacarrier
=985  \\$aISSN UK: Key title will need qualifying if published as 'Fast and modified' - see file (RB, 06/09/11)
=CAT  \\$a10806$b40$c20110906$lBLL01$h1308
=CAT  \\$aBATCH-TCO$c20120117$lBLL01$h0040
=FMT  \\$a  SE
=LAS  \\$aBATCH-TCO$b00$c20120117$lBLL01$h0040
=TCO  \\$aCLA$bCLA$c008

