=LDR  02455cas a22006018a 4500
=001  015887261
=003  Uk
=005  20230210011009.0
=007  ta
=008  110909c20119999enkmr\p\\\\\\\0\\\a0eng\\
=022  0\$a2048-4747$202
=040  \\$aUk$beng$cUk
=222  \0$aTalk business$b(Print)
=245  00$aTalk business.
=260  \\$aChelmsford :$bDream Creative Solutions
=263  \\$a201109
=310  \\$aMonthly
=336  \\$atext$2rdacontent
=337  \\$aunmediated$2rdamedia
=338  \\$avolume$2rdacarrier
=540  \\$aCurrent Copyright Fee: GBP25.00$c0$5Uk
=985  \\$aISSN UK Centre note: see also online version (ISSN 2516-7618). Please add 776 to both records on completion.
=ACF  \\$aPrevious Copyright Fee: GBP12.00$c0$e01-apr-2013$fGBP12.00$g0$hC$5Uk
=ACF  \\$aPrevious Copyright Fee: GBP12.30$c0$e01-apr-2015$fGBP12.30$g0$hC$5Uk
=ACF  \\$aPrevious Copyright Fee: GBP15.00$c0$e01-jan-2017$fGBP15.00$g0$hC$5Uk
=ACF  \\$aPrevious Copyright Fee: GBP17.50$c0$e01-jan-2018$fGBP17.50$g0$hC$5Uk
=ACF  \\$aPrevious Copyright Fee: GBP20.00$c0$e01-jan-2020$fGBP20.00$g0$hC$5Uk
=ACF  \\$aPrevious Copyright Fee: GBP22.50$c0$e01-jan-2021$fGBP22.50$g0$hC$5Uk
=CAT  \\$a10973$b40$c20110909$lBLL01$h0826
=CAT  \\$aBATCH-TCO$c20120117$lBLL01$h0039
=CAT  \\$aBATCH-CLA$b00$c20130228$lBLL01$h1705
=CAT  \\$aIPL-CLA$c20130331$lBLL01$h1059
=CAT  \\$a540_fix$c20130403$lBLL01$h2018
=CAT  \\$aBATCH-CLA$b00$c20150227$lBLL01$h1630
=CAT  \\$aIPL-CLA$c20150331$lBLL01$h1716
=CAT  \\$aBATCH-CLA$b00$c20161130$lBLL01$h1643
=CAT  \\$aIPL-CLA$c20161230$lBLL01$h2357
=CAT  \\$aBATCH-CLA$b00$c20171130$lBLL01$h1658
=CAT  \\$aIPL-CLA$c20171231$lBLL01$h1809
=CAT  \\$a10973$b40$c20180427$lBLL01$h1605
=CAT  \\$aBATCH-CLA$b00$c20191129$lBLL01$h1613
=CAT  \\$aIPL-CLA$c20191231$lBLL01$h2029
=CAT  \\$aBATCH-CLA$b00$c20201126$lBLL01$h1408
=CAT  \\$aIPL-CLA$c20201231$lBLL01$h2329
=CAT  \\$aBATCH-CLA$b00$c20221130$lBLL01$h1427
=CAT  \\$aIPL-CLA$c20221231$lBLL01$h2308
=CAT  \\$aBATCH-CLA$b00$c20230209$lBLL01$h1514
=CAT  \\$aIPL-CLA$c20230210$lBLL01$h0110
=CFI  0\$aCurrent Copyright Fee: GBP25.00$c0$e09-feb-2023$fGBP25.00$g0$hC$5Uk
=CFI  2\$aBritish Library not licensed to copy$c0$e01-jan-2023$hC$iCFP Excluded$5Uk
=FMT  \\$a  SE
=LAS  \\$aIPL-CLA$b00$c20230210$lBLL01$h0110
=TCO  \\$aCLA$bCLA$c008

