=LDR  00881 as a22002898a 4500
=001  015888586
=003  Uk
=005  20110913074125.0
=007  ta
=008  110913c20119999enkqr\p\\\\\\\0\\\a0eng\\
=022  0\$a2048-2868$202
=040  \\$aUk$beng$cUk
=222  \0$aEastAfricanInvestor
=245  00$aEastAfricanInvestor.
=246  3\$aEast African investor
=260  \\$aCoulsdon :$bFocus on East Africa
=263  \\$a201111
=310  \\$aQuarterly
=336  \\$atext$2rdacontent
=337  \\$aunmediated$2rdamedia
=338  \\$avolume$2rdacarrier
=985  \\$aISSN UK Centre note: C/T from 'UgandanInvestor' ISSN 2046-8199. Please add 78X and LKR fields when completing. ISSN UK, 13.09.2011
=CAT  \\$a11313$b40$c20110913$lBLL01$h0741
=CAT  \\$aBATCH-TCO$c20120117$lBLL01$h0039
=FMT  \\$a  SE
=LAS  \\$aBATCH-TCO$b00$c20120117$lBLL01$h0039
=TCO  \\$aCLA$bCLA$c008

