=LDR  01014 as a22003258a 4500
=001  015902355
=003  Uk
=005  20120130095043.0
=006  m\\\\\\\\d\|\\\\\\
=007  cr||||||||||||
=008  111003c20129999enkmr\p\s\\\\\0\\\a0eng\\
=022  0\$a2048-8548$202
=040  \\$aUk$beng$cUk
=222  \0$aSerious muscle$b(Online)
=245  00$aSerious muscle (Online).
=260  \\$aAshbourne :$bMuscle Media Sports
=263  \\$a201202
=310  \\$aMonthly
=336  \\$atext$2rdacontent
=337  \\$acomputer$2rdamedia
=338  \\$aonline resource$2rdacarrier
=985  \\$aISSN UK Centre note: see additional correspondence in Centre. 776 removed 30/1/12 not to be published in print.
=CAT  \\$a10806$b40$c20111003$lBLL01$h1404
=CAT  \\$a11316$b40$c20111027$lBLL01$h0924
=CAT  \\$aBATCH-TCO$c20120117$lBLL01$h0039
=CAT  \\$a11316$b40$c20120130$lBLL01$h0950
=FMT  \\$a  SE
=LAS  \\$a11316$b40$c20120130$lBLL01$h0950
=LET  \0$aSerius muscle (Online)
=TCO  \\$aCLA$bCLA$c008

