=LDR  00973 as a22003138a 4500
=001  015904952
=003  Uk
=005  20120703140440.0
=006  m\\\\\\\\d\|\\\\\\
=007  cr||||||||||||
=008  111005c20119999enkar\m\s\\\\\0\\\a0eng\\
=022  0\$a2048-772X$202
=040  \\$aUk$beng$cUk
=222  \0$aCordoba training manuals$b(Online)
=245  00$aCordoba training manuals (Online).
=260  \\$aLondon :$bCordoba Foundation
=263  \\$a201110
=310  \\$aAnnual
=336  \\$atext$2rdacontent
=337  \\$acomputer$2rdamedia
=338  \\$aonline resource$2rdacarrier
=985  \\$aISSN UK Centre: See 015904948 for print version. Please add 776s when completing this record.
=CAT  \\$a11313$b40$c20111005$lBLL01$h1345
=CAT  \\$aBATCH-TCO$c20120117$lBLL01$h0039
=CAT  \\$a10973$b40$c20120703$lBLL01$h1404
=FMT  \\$a  SE
=LAS  \\$a10973$b40$c20120703$lBLL01$h1404
=LET  \0$aCordoba training manuals (Online)
=TCO  \\$aCLA$bCLA$c008

