=LDR  00803 as a22002778a 4500
=001  015948767
=003  Uk
=005  20111013091135.0
=007  ta
=008  111013c20119999enkfr\p\\\\\\\0\\\a0eng\\
=022  0\$a2048-867X$202
=040  \\$aUk$beng$cUk
=222  \0$aVea beautiful
=245  00$aVea beautiful
=260  \\$aLondon :$bBo Publications
=263  \\$a201111
=310  \\$aSemi-annual
=336  \\$atext$2rdacontent
=337  \\$aunmediated$2rdamedia
=338  \\$avolume$2rdacarrier
=985  \\$aISSN note: related title 'Viya', Aleph no. 013083759. Please add 78X and lkr notes as required. 13/10/11
=CAT  \\$a11315$b40$c20111013$lBLL01$h0911
=CAT  \\$aBATCH-TCO$c20120117$lBLL01$h0040
=FMT  \\$a  SE
=LAS  \\$aBATCH-TCO$b00$c20120117$lBLL01$h0040
=TCO  \\$aCLA$bCLA$c008

