=LDR  00953 as a22003018a 4500
=001  015949341
=003  Uk
=005  20121023120018.0
=007  ta
=008  111014c20139999enkfr\p\\\\\\\0\\\a0eng\\
=022  0\$a2048-8785$202
=040  \\$aUk$beng$cUk
=222  \0$aConnect$b(Qualify. Leicester)
=245  00$aConnect
=260  \\$aLeicester :$bTomorrowtogether
=263  \\$a201302
=310  \\$aSemiannual
=336  \\$atext$2rdacontent
=337  \\$aunmediated$2rdamedia
=338  \\$avolume$2rdacarrier
=985  \\$aISSN UK: 222 Key Title has been partially qualified prior to completion in order satisfy Portal - please review again on completion (Richard, 09/11/11)
=CAT  \\$a11315$b40$c20111014$lBLL01$h0823
=CAT  \\$a10806$b40$c20111109$lBLL01$h1039
=CAT  \\$aBATCH-TCO$c20120117$lBLL01$h0040
=CAT  \\$a11130$b40$c20121023$lBLL01$h1200
=FMT  \\$a  SE
=LAS  \\$a11130$b40$c20121023$lBLL01$h1200
=TCO  \\$aCLA$bCLA$c008

