=LDR  00789 as a22002658a 4500
=001  015949725
=003  Uk
=005  20111014154103.0
=007  ta
=008  111014c20119999nikar\p\\\\\\\0\\\a0eng\\
=022  0\$a2048-8858$202
=040  \\$aUk$beng$cUk
=222  \0$aEmerald road racing annual
=245  00$aEmerald road racing annual
=260  \\$aAnnaghmore :$bJBR Publications
=263  \\$a201111
=336  \\$atext$2rdacontent
=337  \\$aunmediated$2rdamedia
=338  \\$avolume$2rdacarrier
=985  \\$aISSN note: related title at 015750245. Please add 787 and LKR fields as required. 14/10/11.
=CAT  \\$a11315$b40$c20111014$lBLL01$h1541
=CAT  \\$aBATCH-TCO$c20120117$lBLL01$h0039
=FMT  \\$a  SE
=LAS  \\$aBATCH-TCO$b00$c20120117$lBLL01$h0039
=TCO  \\$aCLA$bCLA$c008

