=LDR  00864 as a22002898a 4500
=001  015966138
=003  Uk
=005  20111109135711.0
=007  ta
=008  111109c20119999enkqr\p\\\\\\\0\\\a0eng\\
=022  0\$a2049-1905$202
=040  \\$aUk$beng$cUk
=222  \0$aISFIRE
=245  00$aISFIRE.
=246  3\$aIslamic finance review
=260  \\$aLondon :$bEdbiz Consulting
=263  \\$a201111
=310  \\$aQuarterly
=336  \\$atext$2rdacontent
=337  \\$aunmediated$2rdamedia
=338  \\$avolume$2rdacarrier
=985  \\$aISSN UK: Please check Portal again for possible identical titles if Key Title changes to expansion, 'Islamic finance review' (Richard, 09/11/11)
=CAT  \\$a10806$b40$c20111109$lBLL01$h1357
=CAT  \\$aBATCH-TCO$c20120117$lBLL01$h0040
=FMT  \\$a  SE
=LAS  \\$aBATCH-TCO$b00$c20120117$lBLL01$h0040
=TCO  \\$aCLA$bCLA$c008

