=LDR  01036 as a22003138a 4500
=001  015971212
=003  Uk
=005  20210427120410.0
=007  ta
=008  111116c20229999enkmr\p\\\\\\\0\\\a0eng\\
=022  0\$a2049-2219$202
=040  \\$aUk$beng$cUk
=222  \0$aNorfolk life$b(Qualify)
=245  00$aNorfolk life
=260  \\$aWoodbridge :$bToday Magazines
=263  \\$a202208
=310  \\$aMonthly
=336  \\$atext$2rdacontent
=337  \\$aunmediated$2rdamedia
=338  \\$avolume$2rdacarrier
=985  \\$aISSN note: this is a C/T (title splitting into Norfolk life and Suffolk life) from Suffolk Norfolk life (007240711, ISSN 1359-2408). Please add 78X and LKR fields when completing. 16/11/11.
=CAT  \\$a11315$b40$c20111116$lBLL01$h1531
=CAT  \\$aBATCH-TCO$c20120117$lBLL01$h0039
=CAT  \\$a11130$b40$c20120816$lBLL01$h1103
=CAT  \\$a11313$b40$c20140407$lBLL01$h0849
=CAT  \\$a11130$b40$c20210427$lBLL01$h1204
=FMT  \\$a  SE
=LAS  \\$a11130$b40$c20210427$lBLL01$h1204
=TCO  \\$aCLA$bCLA$c008

