=LDR  01034 as a22003138a 4500
=001  015971213
=003  Uk
=005  20210427120703.0
=007  ta
=008  111116c20229999enkmr\p\\\\\\\0\\\a0eng\\
=022  0\$a2049-2227$202
=040  \\$aUk$beng$cUk
=222  \0$aSuffolk life$b(Qualify)
=245  00$aSuffolk life
=260  \\$aWoodbridge :$bToday Magazines
=263  \\$a202208
=310  \\$aMonthly
=336  \\$atext$2rdacontent
=337  \\$aunmediated$2rdamedia
=338  \\$avolume$2rdacarrier
=985  \\$aISSN note: this is a C/T (splitting from Suffolk Norfolk life into Norfolk life and Suffolk life) from 007240711 (ISSN 1359-2408). Please add 78X and LKR fields when completing. 16/11/11.
=CAT  \\$a11315$b40$c20111116$lBLL01$h1532
=CAT  \\$aBATCH-TCO$c20120117$lBLL01$h0040
=CAT  \\$a11130$b40$c20120816$lBLL01$h1104
=CAT  \\$a11313$b40$c20140407$lBLL01$h0848
=CAT  \\$a11130$b40$c20210427$lBLL01$h1207
=FMT  \\$a  SE
=LAS  \\$a11130$b40$c20210427$lBLL01$h1207
=TCO  \\$aCLA$bCLA$c008

