=LDR  00982 as a22003258a 4500
=001  015971327
=003  Uk
=005  20140218110237.0
=007  ta
=008  111117c20149999enkfr\p\\\\\\\0\\\a0eng\\
=022  0\$a2049-2685$202
=040  \\$aUk$beng$cUk
=222  \0$aPending poetry
=245  00$aPending poetry.
=260  \\$aNewport :$bPending Press
=263  \\$a201403
=310  \\$aSemiannual
=336  \\$atext$2rdacontent
=337  \\$aunmediated$2rdamedia
=338  \\$avolume$2rdacarrier
=985  \\$aISSN UK Centre: See also separate publication 'Pending poetry international' (ISSN 2049-2693).
=CAT  \\$a10973$b40$c20111117$lBLL01$h0915
=CAT  \\$a10973$b40$c20111117$lBLL01$h0918
=CAT  \\$aBATCH-TCO$c20120117$lBLL01$h0039
=CAT  \\$a11130$b40$c20120515$lBLL01$h1051
=CAT  \\$a11130$b40$c20130502$lBLL01$h1404
=CAT  \\$a11130$b40$c20140218$lBLL01$h1102
=FMT  \\$a  SE
=LAS  \\$a11130$b40$c20140218$lBLL01$h1102
=TCO  \\$aCLA$bCLA$c008

