=LDR  00904 as a22003018a 4500
=001  015971340
=003  Uk
=005  20140218110049.0
=007  ta
=008  111117c20149999enkfr\p\\\\\\\0\\\a0eng\\
=022  0\$a2049-2693$202
=040  \\$aUk$beng$cUk
=222  \0$aPending poetry international
=245  00$aPending poetry international.
=260  \\$aNewport :$bPending Press
=263  \\$a201412
=310  \\$aSemiannual
=336  \\$atext$2rdacontent
=337  \\$aunmediated$2rdamedia
=338  \\$avolume$2rdacarrier
=985  \\$aISSN UK Centre note: See also separate publication 'Pending poetry', (ISSN 2049-2685).
=CAT  \\$a10973$b40$c20111117$lBLL01$h0921
=CAT  \\$aBATCH-TCO$c20120117$lBLL01$h0039
=CAT  \\$a11130$b40$c20130520$lBLL01$h1327
=CAT  \\$a11130$b40$c20140218$lBLL01$h1100
=FMT  \\$a  SE
=LAS  \\$a11130$b40$c20140218$lBLL01$h1100
=TCO  \\$aCLA$bCLA$c008

