=LDR  00946 as a22002898a 4500
=001  015972022
=003  Uk
=005  20111118121930.0
=007  ta
=008  111118c20129999enkqr\p\\\\\\\0\\\a0eng\\
=022  0\$a2049-2812$202
=040  \\$aUk$beng$cUk
=222  \0$aBusiness now$b(Qualify. 2012)
=245  00$aBusiness now
=260  \\$aRichmond :$bWest 1 Media
=263  \\$a201203
=310  \\$aQuarterly
=336  \\$atext$2rdacontent
=337  \\$aunmediated$2rdamedia
=338  \\$avolume$2rdacarrier
=985  \\$aISSN UK Centre note: Date is unlikely to be necessary in qualifier when completing. Date was added to allow export to the Portal. Place of publication should be sufficient. ISSN UK, 18.11.11
=CAT  \\$a10973$b40$c20111118$lBLL01$h1204
=CAT  \\$a10973$b40$c20111118$lBLL01$h1219
=CAT  \\$aBATCH-TCO$c20120117$lBLL01$h0040
=FMT  \\$a  SE
=LAS  \\$aBATCH-TCO$b00$c20120117$lBLL01$h0040
=TCO  \\$aCLA$bCLA$c008

