=LDR  00866 as a22003018a 4500
=001  015997356
=003  Uk
=005  20120717162417.0
=006  m\\\\\\\\d\|\\\\\\
=007  cr||||||||||||
=008  111222c20139999enkar\p\s\\\\\0\\\a0eng\\
=022  0\$a2049-4106$202
=040  \\$aUk$beng$cUk
=222  \0$aResearch in economics$b(Qualify)
=245  00$aResearch in economics.
=260  \\$aLondon :$bLondon School of Economics
=263  \\$a201302
=310  \\$aAnnual
=336  \\$atext$2rdacontent
=337  \\$acomputer$2rdamedia
=338  \\$aonline resource$2rdacarrier
=985  \\$aISSN UK Centre note: 'LSE student journal'
=CAT  \\$a10973$b40$c20111222$lBLL01$h1045
=CAT  \\$aBATCH-TCO$c20120117$lBLL01$h0040
=CAT  \\$a11130$b40$c20120717$lBLL01$h1624
=FMT  \\$a  SE
=LAS  \\$a11130$b40$c20120717$lBLL01$h1624
=TCO  \\$aCLA$bCLA$c008

