=LDR  00753 as a22002778a 4500
=001  016002939
=003  Uk
=005  20120106145234.0
=007  ta
=008  120106c20129999enkmr\p\\\\\\\0\\\a0eng\\
=022  0\$a2049-5153$202
=040  \\$aUk$beng$cUk
=222  \0$aCapital$b(Qualify. Print)
=245  00$aCapital (Print).
=260  \\$aRushden :$bC. Osili
=263  \\$a201202
=310  \\$aMonthly
=336  \\$atext$2rdacontent
=337  \\$aunmediated$2rdamedia
=338  \\$avolume$2rdacarrier
=985  \\$aPlease add 776 links to ISSN 2049-5161 on completion.
=CAT  \\$a11316$b40$c20120106$lBLL01$h1452
=CAT  \\$aBATCH-TCO$c20120117$lBLL01$h0038
=FMT  \\$a  SE
=LAS  \\$aBATCH-TCO$b00$c20120117$lBLL01$h0038
=TCO  \\$aCLA$bCLA$c008

