=LDR  01096 as a22003378a 4500
=001  016005916
=003  Uk
=005  20170209075818.0
=007  ta
=008  120111c20179999enkwr\n\\\\\\\0\\\a0eng\\
=022  0\$a2049-4904$202
=040  \\$aUk$beng$cUk
=222  \0$aEast Anglian daily times$b(Ipswich ed.)
=245  00$aEast Anglian daily times (Ipswich ed.).
=250  \\$aIpswich ed.
=260  \\$aNorwich :$bArchant
=263  \\$a201702
=310  \\$aWeekly
=336  \\$atext$2rdacontent
=337  \\$aunmediated$2rdamedia
=338  \\$avolume$2rdacarrier
=985  \\$aISSN UK Centre note: Title shelved until 2017 - now due to be published in Feb. 2017. Publisher emails 08.02.2017. ISSN UK, 09.02.2017.
=CAT  \\$a10806$b40$c20120111$lBLL01$h1031
=CAT  \\$a10806$b40$c20120111$lBLL01$h1032
=CAT  \\$a10806$b40$c20120111$lBLL01$h1033
=CAT  \\$aBATCH-TCO$c20120117$lBLL01$h0040
=CAT  \\$a11313$b40$c20170209$lBLL01$h0758
=FMT  \\$a  SE
=LAS  \\$a11313$b40$c20170209$lBLL01$h0758
=LET  \0$aEast Anglian daily times (Ipswich ed.)
=TCO  \\$aCLA$bCLA$c008

