=LDR  00718 as a22002538a 4500
=001  016017204
=003  Uk
=005  20120126153805.0
=007  ta
=008  120126c20129999enkmx\p\\\\\\\0\\\a0eng\\
=022  0\$a2049-6281$202
=040  \\$aUk$beng$cUk
=222  \0$aWindsurf international
=245  00$aWindsurf international
=260  \\$aTackley :$bM. Kasprowicz
=263  \\$a201204
=310  \\$aTen issues yearly
=336  \\$atext$2rdacontent
=337  \\$aunmediated$2rdamedia
=338  \\$avolume$2rdacarrier
=985  \\$aISSN UK Centre note: International version of 'Windsurf magazine' (ISSN 0958-5508).
=CAT  \\$a10973$b40$c20120126$lBLL01$h1538
=FMT  \\$a  SE
=LAS  \\$a10973$b40$c20120126$lBLL01$h1538

