=LDR  02543cas a2200649 a 4500
=001  016024971
=003  Uk
=005  20211231154519.0
=006  m\\\\\\\\d\|\\\\\\
=007  c\||||||||||||
=008  120206c20119999ne\qr\p\s\\\\\0\\\a0eng\\
=022  0\$a1879-8519$y1879-8500
=040  \\$aUk$beng$cUk$dUk
=222  \0$aPractical radiation oncology$b(Online)
=245  00$aPractical radiation oncology$h[electronic resource]
=260  \\$aAmsterdam :$bElsevier,$c2011-
=310  \\$aQuarterly
=336  \\$atext$2rdacontent
=337  \\$acomputer$2rdamedia
=362  1\$aBegan with: Vol. 1, issue 1 (Jan. 2011).
=516  \\$aPDF format
=538  \\$aMode of access: Internet
=540  \\$aCurrent copyright fee: GBP34.30$c5\1$5Uk
=590  \\$aRoute ALL FAILED DSC requests to Records Team
=650  \0$aCancer$xRadiotherapy$vPeriodicals.
=650  \0$aRadiotherapy$vPeriodicals.
=710  2\$aAmerican Society for Radiation Oncology.
=856  \\$31850-9999$uhttp://www.elsevier.com/journals$xBLDSS
=945  \\$aPractical radiation oncology
=979  \\$aBritish Library$bDSC$j6595.580000N
=985  \\$aOnline ISSN=1879-8519 on Portal
=ACF  \\$aPrevious Copyright Fee: GBP21.00$c5\1$e06-feb-2012$fGBP21.00$g0$hP$5Uk
=ACF  \\$aPrevious copyright fee: GBP22.50$c5\1$e01-jan-2013$fGBP22.50$g0$hP$5Uk
=ACF  \\$aPrevious copyright fee: GBP23.40$c5\1$e01-jan-2018$fGBP23.40$g0$hP$5Uk
=CAT  \\$a9729$b40$c20120206$lBLL01$h1706
=CAT  \\$a5508$b40$c20120217$lBLL01$h1003
=CAT  \\$a5552$b40$c20120305$lBLL01$h1556
=CAT  \\$aBATCH-UPD$b40$c20121121$lBLL01$h1700
=CAT  \\$aIPL-CLA$c20121231$lBLL01$h1335
=CAT  \\$aIPL-CLA$c20130102$lBLL01$h1815
=CAT  \\$a6537$b40$c20140820$lBLL01$h1247
=CAT  \\$aBLDSS-3PM$b00$c20141222$lBLL01$h1720
=CAT  \\$a6550$b40$c20150112$lBLL01$h1015
=CAT  \\$aBATCH-UPD$b40$c20160413$lBLL01$h1825
=CAT  \\$aBATCH-UPD$b40$c20171121$lBLL01$h1754
=CAT  \\$aBATCH-UPD$b40$c20171122$lBLL01$h0047
=CAT  \\$aIPL-CLA$c20171231$lBLL01$h1811
=CAT  \\$aBATCH-UPD$b00$c20190521$lBLL01$h1445
=CAT  \\$aIPL-CLA$c20190630$lBLL01$h1546
=CAT  \\$aBATCH-UPD$b00$c20211119$lBLL01$h1601
=CAT  \\$aIPL-CLA$c20211231$lBLL01$h1545
=CFI  0\$aCurrent copyright fee: GBP34.30$c5\1$e01-jan-2022$fGBP34.30$g0$hP$5Uk
=CFI  2\$aPrevious copyright fee: GBP32.84$c5\1$e01-jul-2019$fGBP32.84$g0$hP$5Uk
=FFP  \\$aY$bBLDSS-3PM
=FMT  \\$a  SE
=LAS  \\$aIPL-CLA$b00$c20211231$lBLL01$h1545
=TOC  \\$aETOC

