=LDR  01084 as a22003138a 4500
=001  016033661
=003  Uk
=005  20120305092247.0
=007  ta
=008  120220c20129999enkfr\p\\\\\\\0\\\a0eng\\
=022  0\$a2049-4467$202
=040  \\$aUk$beng$cUk
=222  \0$aModern art Asia$b(Selected articles ed.)
=245  00$aModern art Asia.
=260  \\$aCambridge :$bEnzo Arts and Publishing
=263  \\$a201204
=310  \\$aSemi-annual
=336  \\$atext$2rdacontent
=337  \\$aunmediated$2rdamedia
=338  \\$avolume$2rdacarrier
=985  \\$aISSN UK Centre note: See also online journal (ISSN 2049-6907) - two versions are not intended to be identical - will need 787 fields in both records when completing. ISSN UK, 05.03.2012
=CAT  \\$a11313$b40$c20120220$lBLL01$h1346
=CAT  \\$a11313$b40$c20120221$lBLL01$h1008
=CAT  \\$a11313$b40$c20120221$lBLL01$h1107
=CAT  \\$a11313$b40$c20120305$lBLL01$h0909
=CAT  \\$a11313$b40$c20120305$lBLL01$h0915
=CAT  \\$a11313$b40$c20120305$lBLL01$h0922
=FMT  \\$a  SE
=LAS  \\$a11313$b40$c20120305$lBLL01$h0922

