=LDR  00893 as a22002778a 4500
=001  016037360
=003  Uk
=005  20130510113658.0
=007  ta
=008  120224c20129999enkqr\p\\\\\\\0\\\a0eng\\
=022  0\$a2049-8411$202
=040  \\$aUk$beng$cUk
=222  \0$aInternational journal of fisheries and aquatic sciences$b(Print)
=245  00$aInternational journal of fisheries and aquatic sciences
=260  \\$aBirmingham :$bMaxwell Science
=263  \\$a201204
=310  \\$aQuarterly
=336  \\$atext$2rdacontent
=337  \\$aunmediated$2rdamedia
=338  \\$avolume$2rdacarrier
=985  \\$aISSN UK: Please add link to online version on completion.
=CAT  \\$a10973$b40$c20120224$lBLL01$h1337
=CAT  \\$a10806$b40$c20130510$lBLL01$h1136
=FMT  \\$a  SE
=LAS  \\$a10806$b40$c20130510$lBLL01$h1136
=LET  \0$aInternational journal of fisheries and aquatic sciences (Print)

