=LDR  00989 as a22002898a 4500
=001  016043435
=003  Uk
=005  20120306092153.0
=007  ta
=008  120306c20129999enktr\p\\\\\\\0\\\a0eng\\
=022  0\$a2049-8969$202
=040  \\$aUk$beng$cUk
=222  \0$aCILIP West Midlands newsletter$b(Print)
=245  00$aCILIP West Midlands newsletter (Print).
=246  3\$aChartered Institute of Library and Information Professionals West Midlands newsletter
=260  \\$aCoventry :$bCILIP West Midlands Branch
=263  \\$a201204
=310  \\$aThree issues yearly
=336  \\$atext$2rdacontent
=337  \\$aunmediated$2rdamedia
=338  \\$avolume$2rdacarrier
=776  0\$tCILIP West Midlands newsletter$c(Online)$x2049-8977
=985  \\$aISSN UK: C/T from 'Open access' ISSN 0048-1904 - please add links on completion
=CAT  \\$a10806$b40$c20120306$lBLL01$h0921
=FMT  \\$a  SE
=LAS  \\$a10806$b40$c20120306$lBLL01$h0921
=LET  \0$aCILIP West Midlands newsletter (Print)

