=LDR  00836 as a22002778a 4500
=001  016052017
=003  Uk
=005  20120914133116.0
=007  ta
=008  120319c20139999enker\p\\\\\\\0\\\a0eng\\
=022  0\$a2049-9787$202
=040  \\$aUk$beng$cUk
=222  \0$aYour complete guide to digital photography
=245  00$aYour complete guide to digital photography.
=260  \\$aSt Albans :$bS. Brown
=263  \\$a201302
=310  \\$aFortnightly
=336  \\$atext$2rdacontent
=337  \\$aunmediated$2rdamedia
=338  \\$avolume$2rdacarrier
=985  \\$aISSN UK: Pass to ISSN UK Centre prior to completion (Richard, 19/03/12)
=CAT  \\$a10806$b40$c20120319$lBLL01$h1125
=CAT  \\$a10806$b40$c20120319$lBLL01$h1307
=CAT  \\$a11130$b40$c20120914$lBLL01$h1331
=FMT  \\$a  SE
=LAS  \\$a11130$b40$c20120914$lBLL01$h1331

