=LDR  00803 as a22002658a 4500
=001  016058995
=003  Uk
=005  20120329113105.0
=007  ta
=008  120329c20129999enkmr\p\\\\\\\0\\\a0eng\\
=022  0\$a2050-0130$202
=040  \\$aUk$beng$cUk
=222  \0$aIjtima.org$b(Print)
=245  00$aIjtima.org (Print).
=260  \\$aLondon :$bUloom
=263  \\$a201205
=310  \\$aMonthly
=336  \\$atext$2rdacontent
=337  \\$aunmediated$2rdamedia
=338  \\$avolume$2rdacarrier
=985  \\$aISSN UK Centre note: Print version of ISSN 2050-0149, although content may not be identical. Please add 776 or 787 fields when completing. ISSN UK, 29.03.2012
=CAT  \\$a11313$b40$c20120329$lBLL01$h1131
=FMT  \\$a  SE
=LAS  \\$a11313$b40$c20120329$lBLL01$h1131
=LET  \0$aIjtima.org (Print)

