=LDR  00733 as a22002658a 4500
=001  016065448
=003  Uk
=005  20120411084241.0
=007  ta
=008  120411c20129999enkqr\p\\\\\\\0\\\a0eng\\
=022  0\$a2049-9329$202
=040  \\$aUk$beng$cUk
=222  \0$aSuitcase$b(Qualify)
=245  00$aSuitcase.
=246  3\$aSuitcase magazine
=260  \\$aLondon :$bButler Tanner & Dennis
=263  \\$a201205
=310  \\$aQuarterly
=336  \\$atext$2rdacontent
=337  \\$aunmediated$2rdamedia
=338  \\$avolume$2rdacarrier
=985  \\$aISSN Centre note: Butler Tanner & Dennis may be printers rather than publishers.
=CAT  \\$a11316$b40$c20120411$lBLL01$h0842
=FMT  \\$a  SE
=LAS  \\$a11316$b40$c20120411$lBLL01$h0842

