=LDR  00853 as a22002898a 4500
=001  016069535
=003  Uk
=005  20121219135756.0
=006  m\\\\\\\\d\|\\\\\\
=007  cr||||||||||||
=008  120418c20129999enkmr\p\s\\\\\0\\\a0eng\\
=022  0\$a2050-1951$202
=040  \\$aUk$beng$cUk
=222  \0$aCine-Eye$b(Online)
=245  00$aCine-Eye (Online)
=260  \\$aBrentford :$bH&S Media
=263  \\$a201205
=310  \\$aMonthly
=336  \\$atext$2rdacontent
=337  \\$acomputer$2rdamedia
=338  \\$aonline resource$2rdacarrier
=985  \\$aISSN UK: Print record completed - please add links when online record is completed (Richard, 19/12/12)
=CAT  \\$a10973$b40$c20120418$lBLL01$h1345
=CAT  \\$a10806$b40$c20121219$lBLL01$h1357
=FMT  \\$a  SE
=LAS  \\$a10806$b40$c20121219$lBLL01$h1357
=LET  \0$aCine-Eye (Electronic)

