=LDR  00815 as a22002778a 4500
=001  016075577
=003  Uk
=005  20120430142017.0
=007  ta
=008  120430c20129999enkmr\p\\\\\\\0\\\a0eng\\
=022  0\$a2050-330X$202
=040  \\$aUk$beng$cUk
=222  \0$aTime-killer
=245  00$aTime-killer.
=246  13$aTaim killer
=260  \\$aLondon :$bLehtmedia
=263  \\$a201205
=310  \\$aMonthly
=336  \\$atext$2rdacontent
=337  \\$aunmediated$2rdamedia
=338  \\$avolume$2rdacarrier
=985  \\$aISSN UK Centre note: Please check/confirm transliteration before completing. See file for more information, any queries please ask in ISSN.
=CAT  \\$a10973$b40$c20120430$lBLL01$h1418
=CAT  \\$a10973$b40$c20120430$lBLL01$h1420
=FMT  \\$a  SE
=LAS  \\$a10973$b40$c20120430$lBLL01$h1420

