=LDR  02054cas a22005178a 4500
=001  016075913
=003  Uk
=005  20230210011039.0
=007  ta
=008  120501c20129999enkar\p\\\\\\\0\\\a0eng\\
=022  0\$a2050-2338$202
=040  \\$aUk$beng$cUk
=222  \0$aActive traveller
=245  00$aActive traveller.
=260  \\$aLondon :$bDouble A Media
=263  \\$a201205
=310  \\$aAnnual
=336  \\$atext$2rdacontent
=337  \\$aunmediated$2rdamedia
=338  \\$avolume$2rdacarrier
=540  \\$aCurrent Copyright Fee: GBP25.00$c0$5Uk
=985  \\$aISSN UK: C/T from 'Outdoors travel' (ISSN 2043-9474) - please add links on completion
=ACF  \\$aPrevious Copyright Fee: GBP12.30$c0$e01-apr-2015$fGBP12.30$g0$hC$5Uk
=ACF  \\$aPrevious Copyright Fee: GBP15.00$c0$e01-jan-2017$fGBP15.00$g0$hC$5Uk
=ACF  \\$aPrevious Copyright Fee: GBP17.50$c0$e01-jan-2018$fGBP17.50$g0$hC$5Uk
=ACF  \\$aPrevious Copyright Fee: GBP20.00$c0$e01-jan-2020$fGBP20.00$g0$hC$5Uk
=ACF  \\$aPrevious Copyright Fee: GBP22.50$c0$e01-jan-2021$fGBP22.50$g0$hC$5Uk
=CAT  \\$a10806$b40$c20120501$lBLL01$h1054
=CAT  \\$aBATCH-CLA$b00$c20150227$lBLL01$h1630
=CAT  \\$aIPL-CLA$c20150331$lBLL01$h1718
=CAT  \\$aBATCH-CLA$b00$c20161130$lBLL01$h1640
=CAT  \\$aIPL-CLA$c20161231$lBLL01$h0003
=CAT  \\$aBATCH-CLA$b00$c20171130$lBLL01$h1657
=CAT  \\$aIPL-CLA$c20171231$lBLL01$h1813
=CAT  \\$aBATCH-CLA$b00$c20191129$lBLL01$h1619
=CAT  \\$aIPL-CLA$c20191231$lBLL01$h2031
=CAT  \\$aBATCH-CLA$b00$c20201126$lBLL01$h1404
=CAT  \\$aIPL-CLA$c20201231$lBLL01$h2332
=CAT  \\$aBATCH-CLA$b00$c20221130$lBLL01$h1436
=CAT  \\$aIPL-CLA$c20221231$lBLL01$h2314
=CAT  \\$aBATCH-CLA$b00$c20230209$lBLL01$h1523
=CAT  \\$aIPL-CLA$c20230210$lBLL01$h0110
=CFI  0\$aCurrent Copyright Fee: GBP25.00$c0$e09-feb-2023$fGBP25.00$g0$hC$5Uk
=CFI  2\$aBritish Library not licensed to copy$c0$e01-jan-2023$hC$iCFP Excluded$5Uk
=FMT  \\$a  SE
=LAS  \\$aIPL-CLA$b00$c20230210$lBLL01$h0110

