=LDR  00908 as a22002898a 4500
=001  016084616
=003  Uk
=005  20120511151956.0
=006  m\\\\\\\\d\|\\\\\\
=007  cr||||||||||||
=008  120511c20129999stkmr\p\o\\\\\0\\\a0eng\\
=022  0\$a2050-2834$202
=040  \\$aUk$beng$cUk
=222  \0$aProhibition$b(Glasgow. Online)
=245  00$aProhibition$h[electronic resource].
=260  \\$a[Glasgow] :$bProhibition Publishing
=263  \\$a201205
=310  \\$aMonthly
=336  \\$atext$2rdacontent
=337  \\$acomputer$2rdamedia
=338  \\$aonline resource$2rdacarrier
=985  \\$aISSN note: please add reciprocal 776 fields when completing. Print version (Aleph no. 016084615, ISSN 2050-2826
=CAT  \\$a11315$b40$c20120511$lBLL01$h1515
=CAT  \\$a11315$b40$c20120511$lBLL01$h1519
=FMT  \\$a  SE
=LAS  \\$a11315$b40$c20120511$lBLL01$h1519
=LET  \0$aProhibition (Electronic)

