=LDR  00900 as a22002778a 4500
=001  016084827
=003  Uk
=005  20130415141646.0
=007  ta
=008  120514c20129999enkmr\p\\\\\\\0\\\a0eng\\
=022  0\$a2049-9418$202
=040  \\$aUk$beng$cUk
=222  \0$aIslands & Africa traveller
=245  00$aIslands & Africa traveller.
=246  3\$aIslands and Africa traveller
=260  \\$aLondon :$bHead South Media
=263  \\$a201206
=310  \\$aMonthly
=336  \\$atext$2rdacontent
=337  \\$aunmediated$2rdamedia
=338  \\$avolume$2rdacarrier
=985  \\$aISSN UK note: June 2012 issue does not quote publisher or place of publication - subsequent issue with quoted place requested 15/04/13 - June 2012 issue in file (Richard)
=CAT  \\$a11313$b40$c20120514$lBLL01$h1039
=CAT  \\$a10806$b40$c20130415$lBLL01$h1416
=FMT  \\$a  SE
=LAS  \\$a10806$b40$c20130415$lBLL01$h1416

