=LDR  00985 as a22002898a 4500
=001  016088308
=003  Uk
=005  20120517113047.0
=007  ta
=008  120517c20129999enkdr\n\\\\\\\0\\\a0eng\\
=022  0\$a2050-2591$202
=040  \\$aUk$beng$cUk
=222  \0$aHuddersfield daily examiner$b(Brighouse and Elland ed.)
=245  00$aHuddersfield daily examiner.
=260  \\$aHuddersfield :$bTrinity Mirror Huddersfield
=263  \\$a201205
=336  \\$atext$2rdacontent
=337  \\$aunmediated$2rdamedia
=338  \\$avolume$2rdacarrier
=540  \\$aBritish Library not licensed to copy$c0$5Uk
=985  \\$aIs new regional edition of the Huddersfield daily examiner, ISSN 0962-1644.
=CAT  \\$a7152$b40$c20120517$lBLL01$h1130
=CAT  \\$aBATCH-CLA$b00$c20180831$lBLL01$h1629
=CAT  \\$aIPL-CLA$c20180930$lBLL01$h1514
=CFI  0\$aBritish Library not licensed to copy$c0$e01-oct-2018$hC$iCFP Excluded$5Uk
=FMT  \\$a  SE
=LAS  \\$aIPL-CLA$b00$c20180930$lBLL01$h1514

