=LDR  00836 as a22002778a 4500
=001  016088819
=003  Uk
=005  20120518141331.0
=006  m\\\\\\\\d\|\\\\\\
=007  cr||||||||||||
=008  120518c20129999enkar\\\\\\\\\0\\\a0mul\\
=022  0\$a2050-3687$202
=040  \\$aUk$beng$cUk
=222  \0$aEdumemo Wortschatz
=245  00$aEdumemo Wortschatz$h[electronic resource].
=260  \\$aLondon :$bEdumemo
=263  \\$a201205
=310  \\$aAnnual
=336  \\$atext$2rdacontent
=337  \\$acomputer$2rdamedia
=338  \\$aonline resource$2rdacarrier
=985  \\$aISSN note: related title 'Edumemo vocabulary' at 016065349. Please add 787 and LKR fields on completion.
=CAT  \\$a11315$b40$c20120518$lBLL01$h1410
=CAT  \\$a11315$b40$c20120518$lBLL01$h1413
=FMT  \\$a  SE
=LAS  \\$a11315$b40$c20120518$lBLL01$h1413

