=LDR  00803 as a22002658a 4500
=001  016088828
=003  Uk
=005  20120518141905.0
=006  m\\\\\\\\d\|\\\\\\
=007  cr||||||||||||
=008  120518c20129999enkmr\p\o\\\\\0\\\a0eng\\
=022  0\$a2050-3695$202
=040  \\$aUk$beng$cUk
=222  \0$aEdumemo ordforrad
=245  00$aEdumemo ordforrad$h[electronic resource].
=260  \\$aLondon :$bEdumemo
=263  \\$a201206
=310  \\$a15 issues yearly
=336  \\$atext$2rdacontent
=337  \\$acomputer$2rdamedia
=338  \\$aonline resource$2rdacarrier
=985  \\$aISSN note: related title 'Edumemo vocabulary' at 016065349. Please add 787 and LKR fields on completion.
=CAT  \\$a11315$b40$c20120518$lBLL01$h1419
=FMT  \\$a  SE
=LAS  \\$a11315$b40$c20120518$lBLL01$h1419

