=LDR  01042 as a22003018a 4500
=001  016100846
=003  Uk
=005  20130710122446.0
=007  ta
=008  120608c20139999enkqr\p\\\\\\\0\\\a0eng\\
=022  0\$a2050-5221$202
=040  \\$aUk$beng$cUk
=222  \0$aManchester journal of sciences$b(Print)
=245  00$aManchester journal of sciences (Print)
=260  \\$aBlackburn :$bJournal of Economics Ltd
=263  \\$a201312
=310  \\$aQuarterly
=336  \\$atext$2rdacontent
=337  \\$aunmediated$2rdamedia
=338  \\$avolume$2rdacarrier
=776  0\$tManchester journal of sciences$c(CD-ROM)$x2050-523X
=985  \\$aISSN UK note: Publisher name changed ahead of publication from 'Manchester Journal of Sciences' to 'Journal of Economics Ltd' (email rec'd 03/07/13)
=CAT  \\$a11315$b40$c20120608$lBLL01$h1156
=CAT  \\$a11130$b40$c20121218$lBLL01$h1418
=CAT  \\$a10806$b40$c20130710$lBLL01$h1224
=FMT  \\$a  SE
=LAS  \\$a10806$b40$c20130710$lBLL01$h1224
=LET  \0$aManchester journal of sciences (Print)

