=LDR  01091 as a22003138a 4500
=001  016100848
=003  Uk
=005  20130710122623.0
=006  m\\\\\\\\d\|\\\\\\
=007  co||||||||||||
=008  120608c20139999enkqr\p\o\\\\\0\\\a0eng\\
=022  0\$a2050-523X$202
=040  \\$aUk$beng$cUk
=222  \0$aManchester journal of sciences$b(CD-ROM)
=245  00$aManchester journal of sciences (CD-ROM)
=260  \\$aBlackburn :$bJournal of Economics Ltd
=263  \\$a201312
=310  \\$aQuarterly
=336  \\$atext$2rdacontent
=337  \\$acomputer$2rdamedia
=338  \\$acomputer disc$2rdacarrier
=776  0\$tManchester journal of sciences$c(Print)$x2050-5221
=985  \\$aISSN UK note: Publisher name changed ahead of publication from 'Manchester Journal of Sciences' to 'Journal of Economics Ltd' (email rec'd 03/07/13)
=CAT  \\$a11315$b40$c20120608$lBLL01$h1156
=CAT  \\$a11130$b40$c20121218$lBLL01$h1414
=CAT  \\$a10806$b40$c20130710$lBLL01$h1226
=FMT  \\$a  SE
=LAS  \\$a10806$b40$c20130710$lBLL01$h1226
=LET  \0$aManchester journal of sciences (CD-ROM

