=LDR  00804 as a22002538a 4500
=001  016144170
=003  Uk
=005  20120808101856.0
=007  ta
=008  120808c20129999enkbr\p\\\\\\\0\\\a0eng\\
=022  0\$a2050-974X$202
=040  \\$aUk$beng$cUk
=222  \0$aTherapy magazine$b(Qualify)
=245  00$aTherapy magazine.
=260  \\$aBrentwood :$bTherapy Magazine
=263  \\$a201209
=310  \\$aBimonthly
=336  \\$atext$2rdacontent
=337  \\$aunmediated$2rdamedia
=338  \\$avolume$2rdacarrier
=985  \\$aISSN UK Centre note: Change of title from 'High spirit magazine', (ISSN 1754-4343). See 013712866. Please add 78X/LKR as necessary. Please see file for further information.
=CAT  \\$a10973$b40$c20120808$lBLL01$h1018
=FMT  \\$a  SE
=LAS  \\$a10973$b40$c20120808$lBLL01$h1018

