=LDR  01527cas a22004218a 4500
=001  016144794
=003  Uk
=005  20230210011051.0
=007  ta
=008  120809c20129999enkqr\p\\\\\\\0\\\a0eng\\
=022  0\$a2050-9855$202
=040  \\$aUk$beng$cUk
=222  \0$aFinancial IT$b(Qualify)
=245  00$aFinancial IT.
=260  \\$aBromley :$bFinnet Limited
=263  \\$a201209
=310  \\$aQuarterly
=336  \\$atext$2rdacontent
=337  \\$aunmediated$2rdamedia
=338  \\$avolume$2rdacarrier
=540  \\$aCurrent Copyright Fee: GBP25.00$c0$5Uk
=985  \\$aPlease link to ISSN 2514-4073 (Online) if ever completed.
=ACF  \\$aPrevious Copyright Fee: GBP20.00$c0$e01-jul-2020$fGBP20.00$g0$hC$5Uk
=ACF  \\$aPrevious Copyright Fee: GBP22.50$c0$e01-jan-2021$fGBP22.50$g0$hC$5Uk
=CAT  \\$a10973$b40$c20120809$lBLL01$h0928
=CAT  \\$aBATCH-CLA$b00$c20200529$lBLL01$h1536
=CAT  \\$aIPL-CLA$c20200701$lBLL01$h0113
=CAT  \\$aBATCH-CLA$b00$c20201126$lBLL01$h1411
=CAT  \\$aIPL-CLA$c20201231$lBLL01$h2333
=CAT  \\$aBATCH-CLA$b00$c20221130$lBLL01$h1430
=CAT  \\$a10806$b40$c20221229$lBLL01$h1512
=CAT  \\$aIPL-CLA$c20221231$lBLL01$h2316
=CAT  \\$aBATCH-CLA$b00$c20230209$lBLL01$h1518
=CAT  \\$aIPL-CLA$c20230210$lBLL01$h0110
=CFI  0\$aCurrent Copyright Fee: GBP25.00$c0$e09-feb-2023$fGBP25.00$g0$hC$5Uk
=CFI  2\$aBritish Library not licensed to copy$c0$e01-jan-2023$hC$iCFP Excluded$5Uk
=FMT  \\$a  SE
=LAS  \\$aIPL-CLA$b00$c20230210$lBLL01$h0110

