=LDR  00824cas a22002898a 4500
=001  016146927
=003  Uk
=005  20220318075218.0
=007  ta
=008  120814c20139999enkqr\p\\\\\\\0\\\a0eng\\
=022  0\$a2050-9146$202
=040  \\$aUk$beng$cUk
=222  \0$aFarewell$b(Qualify Qualify)
=245  00$aFarewell.
=260  \\$aChesterfield :$bFarewell Media
=263  \\$a201301
=310  \\$aQuarterly
=336  \\$atext$2rdacontent
=337  \\$aunmediated$2rdamedia
=338  \\$avolume$2rdacarrier
=985  \\$a222 {dollar}b extended to differentiate from ISSN 1362-5527
=CAT  \\$a11313$b40$c20120814$lBLL01$h1351
=CAT  \\$a10973$b40$c20210127$lBLL01$h0749
=CAT  \\$a10806$b40$c20220318$lBLL01$h0751
=CAT  \\$a10806$b40$c20220318$lBLL01$h0752
=FMT  \\$a  SE
=LAS  \\$a10806$b40$c20220318$lBLL01$h0752

