=LDR  00772 as a22002538a 4500
=001  016149419
=003  Uk
=005  20120816093640.0
=007  ta
=008  120816c20129999enkwr\n\\\\\\\0\\\a0eng\\
=022  0\$a2051-0152$202
=040  \\$aUk$beng$cUk
=222  \0$aLoughborough mercury
=245  00$aLoughborough mercury
=260  \\$aLeicester :$bLeicester Mercury
=263  \\$a201210
=310  \\$aWeekly
=336  \\$atext$2rdacontent
=337  \\$aunmediated$2rdamedia
=338  \\$avolume$2rdacarrier
=985  \\$aISSN note: this is a C/T from 'Leicester mercury (Loughborough edition), Aleph 010822222, ISSN 1353-0615. Please 78X and LKR fields on completion.
=CAT  \\$a11315$b40$c20120816$lBLL01$h0936
=FMT  \\$a  SE
=LAS  \\$a11315$b40$c20120816$lBLL01$h0936

