=LDR  01780 as a2200421 a 4500
=001  016150040
=003  Uk
=005  20180514171435.0
=006  m\\\\\\\\d\|\\\\\\
=007  cr||||||||||||
=008  120817d20112011enkwr\p\o\\\\\0\\\a0eng\\
=040  \\$aUk$beng$cUk$dUk
=042  \\$aukblsr
=082  04$a793.7305$223
=130  0\$aIngenuity (London, England)
=245  10$aIngenuity$h[electronic resource] :$bclassic puzzles to challenge your mind.
=260  \\$aLondon :$bHothouse Developments,$c2012.
=310  \\$aWeekly
=336  \\$atext$2rdacontent
=337  \\$acomputer$2rdamedia
=338  \\$aonline resource$2rdacarrier
=362  0\$a1-4.
=500  \\$aTitle from PDF cover.
=500  \\$aOriginal print publication consisted of printed text plus puzzle item.
=533  \\$aElectronic reproduction.$mNo. 1 (2011)-no. 4 (2011).$b[London] :$cIngenuity,$d2011$eonline resource ;$nMode of access: World Wide Web.$nSystem requirements: Adobe Acrobat Reader.
=650  \0$aPuzzles$vPeriodicals.
=650  \0$aPuzzles$xPictorial works$vPeriodicals.
=856  4\$uwww.ingenuitycollection.com
=985  \\$aonline issues sent in response to print claim - reply "unfortunately the stock isn't available, as small quantities were printed only for testing and none was left over". So assumed ceased. No ISSN assigned for online as it is a reproduction (not including the puzzles).
=CAT  \\$a3072$b40$c20120817$lBLL01$h1115
=CAT  \\$a8874$b40$c20161213$lBLL01$h1447
=CAT  \\$aW1711-1225$c20171203$lBLL01$h1049
=CAT  \\$a3072$b40$c20180514$lBLL01$h1714
=FIN  \\$aY$d20120817
=FMT  \\$a  SE
=LAS  \\$a3072$b40$c20180514$lBLL01$h1714
=LET  \0$aIngenuity (Electronic)
=STA  \\$aSUPPRESSED$bunable to determine reason for suppression

