=LDR  00829 as a22002658a 4500
=001  016153875
=003  Uk
=005  20120822134207.0
=007  ta
=008  120822c20129999enkbr\p\\\\\\\0\\\a0eng\\
=022  0\$a2051-0764$202
=040  \\$aUk$beng$cUk
=222  \0$aFab$b(Qualify)
=245  00$aFab.
=246  3\$aWomen in business
=260  \\$aSurbiton :$bFab Women in Business
=263  \\$a201210
=310  \\$aBimonthly
=336  \\$atext$2rdacontent
=337  \\$aunmediated$2rdamedia
=338  \\$avolume$2rdacarrier
=985  \\$aISSN UK Centre note: Issue 2 (May/June 2012) rec'd but no publisher statement. Asked publisher to add details to next issue - should then be able to complete record. ISSN UK, 22.08.2012
=CAT  \\$a11313$b40$c20120822$lBLL01$h1342
=FMT  \\$a  SE
=LAS  \\$a11313$b40$c20120822$lBLL01$h1342

