=LDR  02420cas a22005897a 4500
=001  016165512
=003  Uk
=005  20230210011053.0
=007  ta
=008  120907d19721990enkmr\\\\\\\\\0\\\a0eng\\
=022  0\$a0308-6917$202
=040  \\$aUk$beng$cUk
=210  0\$aEng. mat. des.$b(1972)
=222  \0$aEngineering materials and design$b(1972)
=245  00$aEngineering materials and design.
=260  \\$aLondon :$bIPC Industrial Press,$c1972-1990.
=336  \\$atext$2rdacontent
=337  \\$aunmediated$2rdamedia
=338  \\$avolume$2rdacarrier
=540  \\$aCurrent Copyright Fee: GBP25.00$c0$5Uk
=780  00$tEMD. Engineering materials & design (1965)$x0367-102X
=780  05$tDesign & components in engineering$x0011-9288
=785  04$tEureka (Beckenham, England)$x0261-2097
=985  \\$aISSN UK record only. Do not merge with collection records.
=ACF  \\$aPrevious Copyright Fee: GBP12.00$c0$e01-jan-2013$fGBP12.00$g0$hC$5Uk
=ACF  \\$aPrevious Copyright Fee: GBP12.30$c0$e01-jan-2014$fGBP12.30$g0$hC$5Uk
=ACF  \\$aPrevious Copyright Fee: GBP25.00$c0$e01-jul-2015$fGBP25.00$g0$hC$5Uk
=ACF  \\$aBritish Library not licensed to copy$c0$e01-oct-2017$hC$iCFP Excluded$5Uk
=ACF  \\$aPrevious Copyright Fee: GBP25.00$c0$e01-jan-2018$fGBP25.00$g0$hC$5Uk
=CAT  \\$a8874$b40$c20120907$lBLL01$h0750
=CAT  \\$aBATCH-CLA$b00$c20121130$lBLL01$h1248
=CAT  \\$aIPL-CLA$c20121231$lBLL01$h1337
=CAT  \\$aIPL-CLA$c20130102$lBLL01$h1818
=CAT  \\$aBATCH-CLA$b00$c20131129$lBLL01$h1700
=CAT  \\$aIPL-CLA$c20140101$lBLL01$h0203
=CAT  \\$aBATCH-CLA$b00$c20150529$lBLL01$h1529
=CAT  \\$aIPL-CLA$c20150630$lBLL01$h1718
=CAT  \\$aBATCH-CLA$b00$c20170831$lBLL01$h1633
=CAT  \\$aIPL-CLA$c20170929$lBLL01$h1800
=CAT  \\$aBATCH-CLA$b00$c20171130$lBLL01$h1714
=CAT  \\$aIPL-CLA$c20171231$lBLL01$h1815
=CAT  \\$aBATCH-CLA$b00$c20221130$lBLL01$h1459
=CAT  \\$aIPL-CLA$c20221231$lBLL01$h2317
=CAT  \\$aBATCH-CLA$b00$c20230209$lBLL01$h1546
=CAT  \\$aIPL-CLA$c20230210$lBLL01$h0110
=CFI  0\$aCurrent Copyright Fee: GBP25.00$c0$e09-feb-2023$fGBP25.00$g0$hC$5Uk
=CFI  2\$aBritish Library not licensed to copy$c0$e01-jan-2023$hC$iCFP Excluded$5Uk
=FIN  \\$aY$d20120907
=FMT  \\$a  SE
=LAS  \\$aIPL-CLA$b00$c20230210$lBLL01$h0110
=LEO  \\$aMP22.0000021313
=SRC  \\$aISN01$bbibmp22.200404.2.aa

