=LDR  00957 as a22002658a 4500
=001  016179453
=003  Uk
=005  20121001112258.0
=007  ta
=008  121001c20129999enkmr\p\\\\\\\0\\\a0eng\\
=022  0\$a2051-3763$202
=040  \\$aUk$beng$cUk
=222  \4$aThe risk universe$b(Print)
=245  04$aThe risk universe.
=260  \\$aHalesowen :$bRisk Business Solutions International
=263  \\$a201210
=310  \\$aMonthly
=336  \\$atext$2rdacontent
=337  \\$aunmediated$2rdamedia
=338  \\$avolume$2rdacarrier
=985  \\$aISSN UK Centre: See 015828598 for online version (ISSN 2047-3311), please add 776 fields to both records on receipt of print version.
=985  \\$aISSN UK Centre: Print version due to start with issue 10, previous print versions were produced for marketing purposes only (copy requested from publisher).
=CAT  \\$a10973$b40$c20121001$lBLL01$h1122
=FMT  \\$a  SE
=LAS  \\$a10973$b40$c20121001$lBLL01$h1122

