=LDR  00765 as a22002658a 4500
=001  016185527
=003  Uk
=005  20121009141131.0
=007  ta
=008  121009c20129999enkqr\n\\\\\\\0\\\a0eng\\
=022  0\$a2051-4352$202
=040  \\$aUk$beng$cUk
=222  \4$aThe international times
=245  04$aThe international times.
=260  \\$aLondon :$bV. Raoul
=263  \\$a201210
=310  \\$aQuarterly
=336  \\$atext$2rdacontent
=337  \\$aunmediated$2rdamedia
=338  \\$avolume$2rdacarrier
=985  \\$aISSN UK Centre: See file. See also 013922085, records will need merging when ISSN completed.
=CAT  \\$a10973$b40$c20121009$lBLL01$h1408
=CAT  \\$a10973$b40$c20121009$lBLL01$h1411
=FMT  \\$a  SE
=LAS  \\$a10973$b40$c20121009$lBLL01$h1411

