=LDR  01092cas a22003138a 4500
=001  016189850
=003  Uk
=005  20220210115559.0
=006  m\\\\\\\\d\|\\\\\\
=007  cr||||||||||||
=008  121015c20239999enkfr\p\o\\\\\0\\\a0eng\\
=022  0\$a2051-4441$202
=040  \\$aUk$beng$cUk
=222  \0$aAvian systematics
=245  00$aAvian systematics$h[electronic resource].
=260  \\$aEastbourne :$bThe Trust for Avian Systematics
=263  \\$a202304
=310  \\$aSemiannual
=336  \\$atext$2rdacontent
=337  \\$acomputer$2rdamedia
=338  \\$aonline resource$2rdacarrier
=985  \\$aISSN UK Centre: phone call from publisher 10/2/22 - due to launch shortly, requested change of publisher in provisional record from Aves Press to The Trust for Avian Systematics. Donna.
=CAT  \\$a10973$b40$c20121015$lBLL01$h1443
=CAT  \\$a11130$b40$c20140128$lBLL01$h1029
=CAT  \\$a11130$b40$c20210329$lBLL01$h0846
=CAT  \\$a10973$b40$c20220210$lBLL01$h1155
=FMT  \\$a  SE
=LAS  \\$a10973$b40$c20220210$lBLL01$h1155
=LET  \0$aAvian systematics (Electronic)

