=LDR  00960 as a22002898a 4500
=001  016194715
=003  Uk
=005  20210429145607.0
=007  ta
=008  121023c20129999enkbr\p\\\\\\\0\\\a0eng\\
=022  0\$a2051-5103$202
=040  \\$aUk$beng$cUk
=222  \0$aWhat the Dickens? Magazine$b(Print)
=245  00$aWhat the Dickens? Magazine (Print)
=260  \\$aLewes :$bV. Bantock
=263  \\$a201212
=310  \\$aBimonthly
=336  \\$atext$2rdacontent
=337  \\$aunmediated$2rdamedia
=338  \\$avolume$2rdacarrier
=985  \\$aISSN UK Centre: Print version to start with no. 7 (Dec. 2012) (previously issued online only).
=985  \\$aISSN UK Centre: see also online version, ISSN 2051-5111. Please add 776 to both records on completion.
=CAT  \\$a10973$b40$c20121023$lBLL01$h1040
=CAT  \\$a10973$b40$c20210429$lBLL01$h1456
=FMT  \\$a  SE
=LAS  \\$a10973$b40$c20210429$lBLL01$h1456
=LET  \0$aWhat the Dickens? Magazine (Print)

