=LDR  00757 as a22002658a 4500
=001  016194984
=003  Uk
=005  20130603154050.0
=007  ta
=008  121023c20149999enkbr\p\\\\\\\0\\\a0eng\\
=022  0\$a2051-5197$202
=040  \\$aUk$beng$cUk
=222  \0$aFarm business contractor
=245  00$aFarm business contractor.
=260  \\$aGroombridge :$bGrove House Publishing
=263  \\$a201405
=310  \\$aBimonthly
=336  \\$atext$2rdacontent
=337  \\$aunmediated$2rdamedia
=338  \\$avolume$2rdacarrier
=985  \\$aISSN UK Centre: Related title 'Farm business' (ISSN 1476-8607).
=CAT  \\$a10973$b40$c20121023$lBLL01$h1435
=CAT  \\$a11130$b40$c20130603$lBLL01$h1540
=FMT  \\$a  SE
=LAS  \\$a11130$b40$c20130603$lBLL01$h1540

