=LDR  00794 as a22002538a 4500
=001  016198799
=003  Uk
=005  20121030141912.0
=007  ta
=008  121030c20139999enkfr\p\\\\\\\0\\\a0eng\\
=022  0\$a2051-591X$202
=040  \\$aUk$beng$cUk
=222  \0$aOnce upon a time$b(Qualify. 2013)
=245  00$aOnce upon a time.
=260  \\$aLondon :$bTitan Books
=263  \\$a201302
=310  \\$aSemiannual
=336  \\$atext$2rdacontent
=337  \\$aunmediated$2rdamedia
=338  \\$avolume$2rdacarrier
=985  \\$aISSN UK Centre: Please check key title qualification, date should not be necessary, place of publication should be sufficient, added to differentiate prepubs only.
=CAT  \\$a10973$b40$c20121030$lBLL01$h1419
=FMT  \\$a  SE
=LAS  \\$a10973$b40$c20121030$lBLL01$h1419

