=LDR  00896 as a22003018a 4500
=001  016209029
=003  Uk
=005  20191213150230.0
=007  ta
=008  121112c20149999enkbr\p\\\\\\\0\\\a0eng\\
=022  0\$a2051-6517$202
=040  \\$aUk$beng$cUk
=222  \0$aSaffron magazine$b(Print)
=245  00$aSaffron magazine (Print)
=260  \\$aTenterden :$bB. Mason
=263  \\$a201403
=310  \\$aBimonthly
=336  \\$atext$2rdacontent
=337  \\$aunmediated$2rdamedia
=338  \\$avolume$2rdacarrier
=985  \\$aISSN UK note: please add link to online version (ISSN 2051-6525) on completion.
=CAT  \\$a10973$b40$c20121112$lBLL01$h1545
=CAT  \\$a11130$b40$c20130802$lBLL01$h0857
=CAT  \\$a10806$b40$c20130926$lBLL01$h1347
=CAT  \\$a10973$b40$c20191213$lBLL01$h1502
=FMT  \\$a  SE
=LAS  \\$a10973$b40$c20191213$lBLL01$h1502
=LET  \0$aSaffron magazine (Print)

