=LDR  00834 as a22002778a 4500
=001  016217360
=003  Uk
=005  20210429151411.0
=007  ta
=008  121123c20129999enkmr\p\\\\\\\0\\\a0eng\\
=022  0\$a2051-7246$202
=040  \\$aUk$beng$cUk
=222  \0$aMumpreneur magazine$b(Print)
=245  00$aMumpreneur magazine (Print)
=260  \\$aBirmingham :$bMumpreneur UK
=263  \\$a201212
=310  \\$aMonthly
=336  \\$atext$2rdacontent
=337  \\$aunmediated$2rdamedia
=338  \\$avolume$2rdacarrier
=985  \\$aISSN UK Centre: see also online version, ISSN 2051-7254. Please add 776 to both records on completion.
=CAT  \\$a11315$b40$c20121123$lBLL01$h1528
=CAT  \\$a10973$b40$c20210429$lBLL01$h1514
=FMT  \\$a  SE
=LAS  \\$a10973$b40$c20210429$lBLL01$h1514
=LET  \0$aMumpreneur magazine (Print)

