=LDR  00849 as a22002898a 4500
=001  016222019
=003  Uk
=005  20121130151420.0
=007  ta
=008  121130c20139999enkqr\p\\\\\\\0\\\a0eng\\
=022  0\$a2051-7416$202
=040  \\$aUk$beng$cUk
=222  \0$aBusiness a 'metaphor'$b(Print)
=245  00$aBusiness a 'metaphor'.
=246  3\$aBusiness a metaphor
=260  \\$aBarking :$bR. Kumar
=263  \\$a201301
=310  \\$aQuarterly
=336  \\$atext$2rdacontent
=337  \\$aunmediated$2rdamedia
=338  \\$avolume$2rdacarrier
=776  0\$tBusiness a 'metaphor'$c(Online)$x2051-7424
=985  \\$aISSN Centre note: Publisher based at London School of Management Education.
=CAT  \\$a11316$b40$c20121130$lBLL01$h1512
=CAT  \\$a11316$b40$c20121130$lBLL01$h1514
=FMT  \\$a  SE
=LAS  \\$a11316$b40$c20121130$lBLL01$h1514

