=LDR  00935 as a22002898a 4500
=001  016227645
=003  Uk
=005  20180705134948.0
=006  m\\\\\\\\d\|\\\\\\
=007  cr||||||||||||
=008  121207c20139999enktr\p\o\\\\\0\\\a0eng\\
=022  0\$a2051-798X$202
=040  \\$aUk$beng$cUk
=222  \0$aTeaching English$b(Online)
=245  00$aTeaching English$h[electronic resource].
=260  \\$aSheffield :$bNational Association for the Teaching of English
=263  \\$a201302
=310  \\$aThree issues yearly
=336  \\$atext$2rdacontent
=337  \\$acomputer$2rdamedia
=338  \\$aonline resource$2rdacarrier
=985  \\$aISSN UK Centre: See 2051-7971 for print version. Please add 776 to both records on completion.
=CAT  \\$a11315$b40$c20121207$lBLL01$h1152
=CAT  \\$a10973$b40$c20180705$lBLL01$h1349
=FMT  \\$a  SE
=LAS  \\$a10973$b40$c20180705$lBLL01$h1349
=LET  \0$aTeaching English (Electronic)

