=LDR  00998 as a22002898a 4500
=001  016237211
=003  Uk
=005  20180705164148.0
=006  m\\\\\\\\d\|\\\\\\
=007  cr||||||||||||
=008  121227c20129999enk\x\p\o\\\\\0\\\a0eng\\
=022  0\$a2051-977X$202
=040  \\$aUk$beng$cUk
=222  \0$aF1000 trials
=245  00$aF1000 trials$h[electronic resource].
=246  3\$aFaculty of 1000 trials
=260  \\$aLondon :$bFaculty of 1000
=263  \\$a201212
=336  \\$atext$2rdacontent
=337  \\$acomputer$2rdamedia
=338  \\$aonline resource$2rdacarrier
=985  \\$aISSN UK Centre note: Unable to complete ISSN. F1000 Trials ceased to exist as a separate website with effect from 24.2.2014 (info from https://f1000.com/trials). Content & special features merged into F1000Prime.
=CAT  \\$a10973$b40$c20121227$lBLL01$h1410
=CAT  \\$a10973$b40$c20180705$lBLL01$h1641
=FMT  \\$a  SE
=LAS  \\$a10973$b40$c20180705$lBLL01$h1641
=LET  \0$aF1000 trials (Electronic)

