=LDR  00740 as a22002538a 4500
=001  016240565
=003  Uk
=005  20130103141354.0
=007  ta
=008  130103c20139999enktr\p\\\\\\\0\\\a0eng\\
=022  0\$a2051-9400$202
=040  \\$aUk$beng$cUk
=222  \0$aLess common
=245  00$aLess common
=260  \\$aLondon :$bStudent Union, University of the Arts London
=263  \\$a201302
=310  \\$aThree issues yearly
=336  \\$atext$2rdacontent
=337  \\$aunmediated$2rdamedia
=338  \\$avolume$2rdacarrier
=985  \\$aISSN note: this is a C/T from 014058262. Please add 78X and LKR fields on completion. 03/01/13.
=CAT  \\$a11315$b40$c20130103$lBLL01$h1413
=FMT  \\$a  SE
=LAS  \\$a11315$b40$c20130103$lBLL01$h1413

