=LDR  00848 as a22002778a 4500
=001  016247674
=003  Uk
=005  20150807100047.0
=007  ta
=008  130109c20159999enkqr\p\\\\\\\0\\\a0eng\\
=022  0\$a2052-0263$202
=040  \\$aUk$beng$cUk
=222  \0$aEvery avenue weddings$b(Print)
=245  00$aEvery avenue weddings.
=260  \\$aTorquay :$bP. Davis
=263  \\$a201510
=310  \\$aQuarterly
=336  \\$atext$2rdacontent
=337  \\$aunmediated$2rdamedia
=338  \\$avolume$2rdacarrier
=985  \\$aISSN note: online serial already in existence, ISSN 2059-7444, Aleph no. 017474295. Please add 776 fields on completion.
=CAT  \\$a10973$b40$c20130109$lBLL01$h1542
=CAT  \\$a11315$b40$c20150807$lBLL01$h0841
=CAT  \\$a11315$b40$c20150807$lBLL01$h1000
=FMT  \\$a  SE
=LAS  \\$a11315$b40$c20150807$lBLL01$h1000

