=LDR  00872 as a22002898a 4500
=001  016254075
=003  Uk
=005  20180706144410.0
=007  ta
=008  130117c20139999enkbr\p\\\\\\\0\\\a0eng\\
=022  0\$a2052-0972$202
=040  \\$aUk$beng$cUk
=222  \0$aFamily matters$b(Qualify. Print)
=245  00$aFamily matters (Print)
=260  \\$aSevenoaks :$bFamily Matters Magazine
=263  \\$a201305
=310  \\$aBimonthly
=336  \\$atext$2rdacontent
=337  \\$aunmediated$2rdamedia
=338  \\$avolume$2rdacarrier
=985  \\$aSee also online version (ISSN 2052-0980) ; please add 776 to both records if received.
=CAT  \\$a11315$b40$c20130117$lBLL01$h1539
=CAT  \\$a10973$b40$c20180706$lBLL01$h1439
=CAT  \\$a10973$b40$c20180706$lBLL01$h1444
=FMT  \\$a  SE
=LAS  \\$a10973$b40$c20180706$lBLL01$h1444
=LET  \0$aFamily matters (Print)

