=LDR  01474 as a22004338a 4500
=001  016260259
=003  Uk
=005  20190220123103.0
=007  ta
=008  130129c20159999enkmr\p\\\\\\\0\\\a0eng\\
=022  0\$a2052-1529$202
=040  \\$aUk$beng$cUk
=222  \0$aMaterials chemistry frontiers$b(Print)
=245  00$aMaterials chemistry frontiers.
=260  \\$aCambridge :$bRoyal Society of Chemistry
=263  \\$a201512
=310  \\$aMonthly
=336  \\$atext$2rdacontent
=337  \\$aunmediated$2rdamedia
=338  \\$avolume$2rdacarrier
=540  \\$aCurrent copyright fee: GBP46.75$c6\1$5Uk
=856  \\$31850-9999$uhttp://www.rsc.org/$xBLDSS
=945  \\$aMaterials chemistry frontiers.
=979  \\$aBritish Library$bDSC$j5394.107200
=985  \\$aPlease add 776 link to online record on completion (ISSN 2052-1537)
=CAT  \\$a10806$b40$c20130129$lBLL01$h0947
=CAT  \\$a11130$b40$c20140530$lBLL01$h1436
=CAT  \\$a11130$b40$c20151006$lBLL01$h1536
=CAT  \\$a10806$b40$c20170830$lBLL01$h1356
=CAT  \\$a5552$b40$c20181129$lBLL01$h1430
=CAT  \\$aBLDSS-3PM$b00$c20181206$lBLL01$h1525
=CAT  \\$aBATCH-UPD$b00$c20181206$lBLL01$h1526
=CAT  \\$a8055$b40$c20190220$lBLL01$h1231
=CFI  0\$aCurrent copyright fee: GBP46.75$c6\1$e29-nov-2018$fGBP46.75$g0$hP$5Uk
=FFP  \\$aY$bBLDSS-3PM
=FMT  \\$a  SE
=LAS  \\$a8055$b40$c20190220$lBLL01$h1231
=LET  \0$aMaterials chemistry frontiers (Print)
=UNO  \\$aY

