=LDR  00860 as a22002778a 4500
=001  016260497
=003  Uk
=005  20130129150753.0
=006  m\\\\\\\\d\|\\\\\\
=007  cr||||||||||||
=008  130129d19932000enkmx\p\o\\\\\0\\\a0eng\\
=022  0\$a2052-1243$202
=040  \\$aUk$beng$cUk
=222  \0$aElderly care$b(Online)
=245  00$aElderly care$h[electronic resource].
=260  \\$aHarrow :$bRCN Publishing Company
=263  \\$a201304
=310  \\$aTen issues yearly
=336  \\$atext$2rdacontent
=337  \\$acomputer$2rdamedia
=338  \\$aonline resource$2rdacarrier
=985  \\$aISSN UK Centre: See file, retrospective assignment. Please add 776 / 78X/LKR fields as necessary on completion.
=CAT  \\$a10973$b40$c20130129$lBLL01$h1507
=FMT  \\$a  SE
=LAS  \\$a10973$b40$c20130129$lBLL01$h1507
=LET  \0$aElderly care (Electronic)

