=LDR  00830 as a22002778a 4500
=001  016260502
=003  Uk
=005  20130129151807.0
=006  m\\\\\\\\d\|\\\\\\
=007  cr||||||||||||
=008  130129d19892011enkmr\p\o\\\\\0\\\a0eng\\
=022  0\$a2052-1251$202
=040  \\$aUk$beng$cUk
=222  \0$aPaediatric nursing$b(Online)
=245  00$aPaediatric nursing$h[electronic resource].
=260  \\$aHarrow :$bRCN Publishing
=263  \\$a201304
=310  \\$aMonthly
=336  \\$atext$2rdacontent
=337  \\$acomputer$2rdamedia
=338  \\$aonline resource$2rdacarrier
=985  \\$aISSN UK Centre note: See file, retrospective assignment. Please add 776/78X / LKR
=CAT  \\$a10973$b40$c20130129$lBLL01$h1518
=FMT  \\$a  SE
=LAS  \\$a10973$b40$c20130129$lBLL01$h1518
=LET  \0$aPaediatric nursing (Electronic)

