=LDR  00815 as a22002658a 4500
=001  016262634
=003  Uk
=005  20130130140158.0
=007  ta
=008  130130c20139999enkuu\m\\\\\\\0\\\a0eng\\
=022  0\$a2052-1596$202
=040  \\$aUk$beng$cUk
=222  \0$aBest practice in age and employment$b(Print)
=245  00$aBest practice in age and employment.
=246  3\$aP.E.O.P.L.E. best practice
=260  \\$aLondon :$bWise Owls
=263  \\$a201303
=336  \\$atext$2rdacontent
=337  \\$aunmediated$2rdamedia
=338  \\$avolume$2rdacarrier
=985  \\$aISSN UK: Please link to completed online record, ISSN 2052-160X when completing.
=CAT  \\$a10806$b40$c20130130$lBLL01$h1401
=FMT  \\$a  SE
=LAS  \\$a10806$b40$c20130130$lBLL01$h1401
=LET  \0$aBest practice in age and employment (Print)

