=LDR  00999 as a22002898a 4500
=001  016263029
=003  Uk
=005  20130222151312.0
=007  ta
=008  130131c20139999enkqr\p\\\\\\\0\\\a0eng\\
=022  0\$a2052-1626$202
=040  \\$aUk$beng$cUk
=222  \0$aSaffron journal of Korean language and linguistics$b(Print)
=245  00$aSaffron journal of Korean language and linguistics.
=260  \\$aLondon :$bSaffron Books EAP
=263  \\$a201403
=310  \\$aQuarterly
=336  \\$atext$2rdacontent
=337  \\$aunmediated$2rdamedia
=338  \\$avolume$2rdacarrier
=985  \\$aISSN note: possible related title 'Saffron Korean linguistics series', ISSN 1740-2956. Please add 787 and LKR fields if required.
=985  \\$aSaffron journal of Korean language and linguistics (Print).
=CAT  \\$a11315$b40$c20130131$lBLL01$h1057
=CAT  \\$a11316$b40$c20130222$lBLL01$h1512
=CAT  \\$a11316$b40$c20130222$lBLL01$h1513
=FMT  \\$a  SE
=LAS  \\$a11316$b40$c20130222$lBLL01$h1513

