=LDR  00752 as a22002778a 4500
=001  016272382
=003  Uk
=005  20130208095608.0
=007  ta
=008  130208c20139999wlkwr\n\\\\\\\0\\\a0eng\\
=022  0\$a2052-272X$202
=040  \\$aUk$beng$cUk
=222  \0$aWales on Sunday$b(North ed.)
=245  00$aWales on Sunday.
=250  \\$aNorth edition.
=260  \\$aCardiff :$bMedia Wales
=263  \\$a201303
=310  \\$aWeekly
=336  \\$atext$2rdacontent
=337  \\$aunmediated$2rdamedia
=338  \\$avolume$2rdacarrier
=985  \\$aC/T from North/Mid edition which did not have ISSN
=CAT  \\$a11316$b40$c20130208$lBLL01$h0954
=CAT  \\$a11316$b40$c20130208$lBLL01$h0956
=FMT  \\$a  SE
=LAS  \\$a11316$b40$c20130208$lBLL01$h0956

