=LDR  02565cas a22006138a 4500
=001  016272423
=003  Uk
=005  20230210011111.0
=007  ta
=008  130208c20149999enkfr\p\\\\\\\0\\\a0eng\\
=022  0\$a2052-2630$202
=040  \\$aUk$beng$cUk
=222  \0$aJournal of experimental political science$b(Print)
=245  00$aJournal of experimental political science (Print)
=260  \\$aCambridge :$bCambridge University Press
=263  \\$a201401
=310  \\$aSemi-annual
=336  \\$atext$2rdacontent
=337  \\$aunmediated$2rdamedia
=338  \\$avolume$2rdacarrier
=540  \\$aCurrent Copyright Fee: GBP22.50$c0$5Uk
=776  0\$tJournal of experimental political science$c(Online)$x2052-2649
=985  \\$aISSN UK CENTRE NOTE: PLEASE PASS ALL ISSUES TO ISSN UK CENTRE.
=ACF  \\$aPrevious Copyright Fee: GBP10.00$c0$e01-oct-2014$fGBP10.00$g0$hC$5Uk
=ACF  \\$aPrevious copyright fee: GBP25.00$c43\0$e01-jul-2016$fGBP25.00$g0$hP$5Uk
=ACF  \\$aPrevious Copyright Fee: GBP17.50$c0$e01-apr-2019$fGBP17.50$g0$hA$5Uk
=ACF  \\$aPrevious Copyright Fee: GBP10.00$c0$e01-jul-2019$fGBP10.00$g0$hC$5Uk
=ACF  \\$aPrevious Copyright Fee: GBP22.50$c0$e01-apr-2021$fGBP22.50$g0$hC$5Uk
=CAT  \\$a11315$b40$c20130208$lBLL01$h1112
=CAT  \\$aBATCH-CLA$b00$c20140829$lBLL01$h1544
=CAT  \\$aIPL-CLA$c20140930$lBLL01$h1638
=CAT  \\$a5552$b40$c20160603$lBLL01$h1218
=CAT  \\$aIPL-CLA$c20160630$lBLL01$h1606
=CAT  \\$aBATCH-UPD$b00$c20160705$lBLL01$h2158
=CAT  \\$aBLDSS-3PM$b00$c20160707$lBLL01$h1648
=CAT  \\$aBATCH-UPD$b00$c20160707$lBLL01$h1654
=CAT  \\$a10973$b40$c20180820$lBLL01$h1058
=CAT  \\$aW1902-1304$c20190314$lBLL01$h1242
=CAT  \\$aBATCH-UPD$b00$c20190314$lBLL01$h1619
=CAT  \\$aIPL-CLA$c20190331$lBLL01$h1731
=CAT  \\$aDEL-3PM$c20190409$lBLL01$h0907
=CAT  \\$aBATCH-CLA$b00$c20190531$lBLL01$h1624
=CAT  \\$aIPL-CLA$c20190630$lBLL01$h1546
=CAT  \\$aBATCH-CLA$b00$c20210227$lBLL01$h1011
=CAT  \\$aIPL-CLA$c20210331$lBLL01$h1900
=CAT  \\$aBATCH-CLA$b00$c20221130$lBLL01$h1440
=CAT  \\$aIPL-CLA$c20221231$lBLL01$h2320
=CAT  \\$aBATCH-CLA$b00$c20230209$lBLL01$h1527
=CAT  \\$aIPL-CLA$c20230210$lBLL01$h0111
=CFI  0\$aCurrent Copyright Fee: GBP22.50$c0$e09-feb-2023$fGBP22.50$g0$hC$5Uk
=CFI  2\$aBritish Library not licensed to copy$c0$e01-jan-2023$hC$iCFP Excluded$5Uk
=FMT  \\$a  SE
=LAS  \\$aIPL-CLA$b00$c20230210$lBLL01$h0111
=LET  \0$aJournal of experimental political science (Print)

