=LDR  01903 as a22004938i 4500
=001  016282342
=003  Uk
=005  20170504160912.0
=007  ta
=008  130221c20149999enkbr\p\\\\\\\0\\\a0eng\\
=022  0\$a2052-1944$202
=040  \\$aUk$beng$cUk$erda
=222  \0$aJournal of behavioral strategy$b(Print)
=245  00$aJournal of behavioral strategy.
=263  \\$a201412
=264  \1$aBingley :$bEmerald Group Publishing Limited
=310  \\$aBimonthly
=336  \\$atext$2rdacontent
=337  \\$aunmediated$2rdamedia
=338  \\$avolume$2rdacarrier
=540  \\$aCurrent copyright fee: GBP30.00$c25\0$5Uk
=776  08$iAlso available online as:$tJournal of behavioral strategy$c(Online)$x2052-1952
=856  \\$31850-9999$uhttp://www.emeraldinsight.com/$xBLDSS
=945  \\$aJournal of behavioral strategy.
=979  \\$aBritish Library$bDSC$j4951.277700N
=985  \\$aIs change of title from 'Business strategy series (Print)' ISSN 1751-5637. Please make relevant 7xx links when completing record.
=CAT  \\$a7152$b40$c20130221$lBLL01$h1622
=CAT  \\$a5552$b40$c20131115$lBLL01$h0859
=CAT  \\$a11130$b40$c20140708$lBLL01$h1614
=CAT  \\$aBLDSS-3PM$b00$c20141121$lBLL01$h1853
=CAT  \\$aBATCH-UPD$b00$c20151109$lBLL01$h1748
=CAT  \\$aIPL-CLA$c20151109$lBLL01$h1813
=CAT  \\$aBATCH-UPD$b00$c20160413$lBLL01$h1826
=CAT  \\$aBATCH-UPD$b00$c20160524$lBLL01$h2215
=CAT  \\$aBATCH-UPD$b00$c20160525$lBLL01$h0055
=CAT  \\$a5552$b40$c20170425$lBLL01$h0842
=CAT  \\$a5410$b40$c20170504$lBLL01$h1609
=CFI  0\$aCurrent copyright fee: GBP30.00$c25\0$e09-nov-2015$fGBP30.00$g0$hP$5Uk
=CFI  2\$aPrevious copyright fee: GBP20.00$c25\0$e15-nov-2013$fGBP20.00$g0$hP$5Uk
=FFP  \\$aY$bBLDSS-3PM
=FMT  \\$a  SE
=LAS  \\$a5410$b40$c20170504$lBLL01$h1609
=LET  \0$aJournal of behavioral strategy (Print)
=UNO  \\$aY

