=LDR  01982cas a22004938i 4500
=001  016289327
=003  Uk
=005  20230210011113.0
=007  ta
=008  130228c20199999enkmr\m\\\\\\\0\\\a0eng\\
=022  0\$a2052-3173$202
=040  \\$aUk$beng$cUk$erda
=222  \0$aRailways of Britain
=245  00$aRailways of Britain.
=263  \\$a201907
=264  \1$aWesterham :$bKelsey Publishing
=310  \\$aBimonthly
=336  \\$atext$2rdacontent
=337  \\$aunmediated$2rdamedia
=338  \\$avolume$2rdacarrier
=540  \\$aCurrent Copyright Fee: GBP25.00$c0$5Uk
=985  \\$aISSN UK Centre note: Previously suppressed 06.01.2015 - not a serial. Unsuppressed 26/4/2019, as due to be series title (and possibly always was). ISSN UK, 26.04.2019.
=ACF  \\$aPrevious Copyright Fee: GBP17.50$c0$e01-apr-2018$fGBP17.50$g0$hC$5Uk
=ACF  \\$aPrevious Copyright Fee: GBP20.00$c0$e01-jan-2020$fGBP20.00$g0$hC$5Uk
=ACF  \\$aPrevious Copyright Fee: GBP22.50$c0$e01-jan-2021$fGBP22.50$g0$hC$5Uk
=CAT  \\$a11315$b40$c20130228$lBLL01$h0851
=CAT  \\$a10806$b40$c20140127$lBLL01$h1325
=CAT  \\$a10806$b40$c20140127$lBLL01$h1326
=CAT  \\$a11130$b40$c20150106$lBLL01$h1401
=CAT  \\$aBATCH-CLA$b00$c20180228$lBLL01$h1647
=CAT  \\$aIPL-CLA$c20180331$lBLL01$h1703
=CAT  \\$a11313$b40$c20190426$lBLL01$h1518
=CAT  \\$aBATCH-CLA$b00$c20191129$lBLL01$h1620
=CAT  \\$aIPL-CLA$c20191231$lBLL01$h2034
=CAT  \\$aBATCH-CLA$b00$c20201126$lBLL01$h1414
=CAT  \\$aIPL-CLA$c20201231$lBLL01$h2336
=CAT  \\$aBATCH-CLA$b00$c20221130$lBLL01$h1448
=CAT  \\$aIPL-CLA$c20221231$lBLL01$h2320
=CAT  \\$aBATCH-CLA$b00$c20230209$lBLL01$h1535
=CAT  \\$aIPL-CLA$c20230210$lBLL01$h0111
=CFI  0\$aCurrent Copyright Fee: GBP25.00$c0$e09-feb-2023$fGBP25.00$g0$hC$5Uk
=CFI  2\$aBritish Library not licensed to copy$c0$e01-jan-2023$hC$iCFP Excluded$5Uk
=FMT  \\$a  SE
=LAS  \\$aIPL-CLA$b00$c20230210$lBLL01$h0111

