=LDR  00940 as a22003018i 4500
=001  016306626
=003  Uk
=005  20130507134242.0
=007  ta
=008  130325c20139999enkbx\p\\\\\\\0\\\a0eng\\
=022  0\$a2052-4765$202
=040  \\$aUk$beng$cUk$erda
=222  \0$aPaul Chaplin presents bluebird magazine
=245  00$aPaul Chaplin presents bluebird magazine.
=246  30$aBluebird magazine
=263  \\$a201304
=264  \1$aHersham :$bBlue Active Media Ltd
=310  \\$aEight times a year
=336  \\$atext$2rdacontent
=337  \\$aunmediated$2rdamedia
=338  \\$avolume$2rdacarrier
=985  \\$aISSN UK note: Please pass any issues to Richard (Leeds) prior to completion
=CAT  \\$a10806$b40$c20130325$lBLL01$h1347
=CAT  \\$a10806$b40$c20130325$lBLL01$h1527
=CAT  \\$a10806$b40$c20130327$lBLL01$h1308
=CAT  \\$a11313$b40$c20130507$lBLL01$h1342
=FMT  \\$a  SE
=LAS  \\$a11313$b40$c20130507$lBLL01$h1342

