=LDR  00909 as a22003018i 4500
=001  016309621
=003  Uk
=005  20140407102149.0
=006  m\\\\\\\\d\|\\\\\\
=007  cr||||||||||||
=008  130328c20139999enkqr\p\o\\\\\0\\\a0eng\\
=022  0\$a2052-5222$202
=040  \\$aUk$beng$cUk$erda
=222  \4$aThe foodie bugle$b(Online)
=245  04$aThe foodie bugle.
=263  \\$a201303
=264  \1$aRoyal Wootton Bassett :$bFoodie Bugle
=310  \\$aQuarterly
=336  \\$atext$2rdacontent
=337  \\$acomputer$2rdamedia
=338  \\$aonline resource$2rdacarrier
=985  \\$aISSN UK note: please add 776 links on completion (print ISSN 2052-5214)
=CAT  \\$a10973$b40$c20130328$lBLL01$h1148
=CAT  \\$a10973$b40$c20140307$lBLL01$h1340
=CAT  \\$a10806$b40$c20140407$lBLL01$h1021
=FMT  \\$a  SE
=LAS  \\$a10806$b40$c20140407$lBLL01$h1021
=LET  \4$aThe foodie bugle (Electronic)

