=LDR  00969 as a22003138i 4500
=001  016312116
=003  Uk
=005  20140407142745.0
=007  ta
=008  130402c20149999enkfr\p\\\\\\\0\\\a0eng\\
=022  0\$a2052-4501$202
=040  \\$aUk$beng$cUk$erda
=222  \0$aPolitics of place$b(Print)
=245  00$aPolitics of place.
=263  \\$a201403
=264  \1$aLondon :$bCommittee for the Publication of Politics of Place
=310  \\$aSemi-annual
=336  \\$atext$2rdacontent
=337  \\$aunmediated$2rdamedia
=338  \\$avolume$2rdacarrier
=985  \\$aISSN UK: please add 776 link to online version on completion.
=CAT  \\$a11313$b40$c20130402$lBLL01$h1451
=CAT  \\$a11130$b40$c20131024$lBLL01$h0840
=CAT  \\$a10806$b40$c20140407$lBLL01$h1425
=CAT  \\$a10806$b40$c20140407$lBLL01$h1426
=CAT  \\$a10806$b40$c20140407$lBLL01$h1427
=FMT  \\$a  SE
=LAS  \\$a10806$b40$c20140407$lBLL01$h1427
=LET  \0$aPolitics of place (Print)

