=LDR  01176 as a22003378i 4500
=001  016418301
=003  Uk
=005  20130528131035.0
=007  ta
=008  130528c20139999enkmr\p\\\\\\\0\\\a0eng\\
=022  0\$a2052-8787$y2048-0664$202
=040  \\$aUk$beng$cUk$erda
=222  \4$aThe Erdington & Sutton review$b(Print)
=245  04$aThe Erdington & Sutton review
=246  3\$aErdington and Sutton review
=263  \\$a201304
=264  \1$aBirmingham :$bR. Lalljie.
=310  \\$aMonthly
=336  \\$atext$2rdacontent
=337  \\$aunmediated$2rdamedia
=338  \\$avolume$2rdacarrier
=776  08$iAlso issued online as:$tErdington & Sutton review$x2052-8795
=985  \\$aISSN UK Centre note: first print issue rec'd, but no publ. statement. Assigned pre-pubs so correct ISSN can be used on 2nd issue. 28.05.2013
=CAT  \\$a11313$b40$c20130528$lBLL01$h1152
=CAT  \\$a11313$b40$c20130528$lBLL01$h1157
=CAT  \\$a11313$b40$c20130528$lBLL01$h1159
=CAT  \\$a11313$b40$c20130528$lBLL01$h1309
=CAT  \\$a11313$b40$c20130528$lBLL01$h1310
=FMT  \\$a  SE
=LAS  \\$a11313$b40$c20130528$lBLL01$h1310
=LET  \4$aThe Erdington & Sutton review (Print)

