=LDR  01027 as a22003018i 4500
=001  016418364
=003  Uk
=005  20130528131038.0
=006  m\\\\\\\\d\|\\\\\\
=007  cr||||||||||||
=008  130528c20139999enkmr\p\o\\\\\0\\\a0eng\\
=022  0\$a2052-8795$202
=040  \\$aUk$beng$cUk$erda
=222  \4$aThe Erdington & Sutton review$b(Online)
=245  04$aThe Erdington & Sutton review.
=246  3\$aErdington and Sutton review
=263  \\$a201304
=264  \1$aBirmingham :$bR. Lalljie
=310  \\$aMonthly
=336  \\$atext$2rdacontent
=337  \\$acomputer$2rdamedia
=338  \\$aonline resource$2rdacarrier
=776  08$iAlso issued in print as:$tErdington & Sutton review$x2052-8787
=985  \\$aISSN UK Centre note: first print issue rec'd, but no publ. statement. Assigned pre-pubs so correct ISSN can be used on 2nd issue. 28.05.2013
=CAT  \\$a11313$b40$c20130528$lBLL01$h1310
=FMT  \\$a  SE
=LAS  \\$a11313$b40$c20130528$lBLL01$h1310
=LET  \4$aThe Erdington & Sutton review (Electronic)

