=LDR  01113 as a22003258i 4500
=001  016423591
=003  Uk
=005  20130904090550.0
=006  m\\\\\\\\d\|\\\\\\
=007  cr||||||||||||
=008  130603c20139999enkar\p\o\\\\\0\\\a0eng\\
=022  0\$a2052-8884
=040  \\$aUk$beng$cUk$erda
=222  \0$aGlobal impacts report$b(English ed. Online)
=245  00$aGlobal impacts report.
=250  \\$aEnglish edition
=263  \\$a201307
=264  \1$aLondon :$bMarine Stewardship Council
=310  \\$aAnnual
=336  \\$atext$2rdacontent
=337  \\$acomputer$2rdamedia
=338  \\$aonline resource$2rdacarrier
=776  08$iAlso issued in print as:$tGlobal impacts report$c(English ed. Print)$x2052-8876
=985  \\$aISSN transferred before completion to ISSN International Centre (publisher is international body), September 4 2013.
=CAT  \\$a11313$b40$c20130603$lBLL01$h0856
=CAT  \\$a11313$b40$c20130904$lBLL01$h0900
=CAT  \\$a11313$b40$c20130904$lBLL01$h0905
=FMT  \\$a  SE
=LAS  \\$a11313$b40$c20130904$lBLL01$h0905
=LET  \0$aGlobal impacts report (English ed. Electronic)

