=LDR  01193 as a22003378i 4500
=001  016423597
=003  Uk
=005  20140207153406.0
=006  m\\\\\\\\d\|\\\\\\
=007  cr||||||||||||
=008  130603c20139999enkar\p\o\\\\\0\\\a0eng\\
=022  0\$a2052-8906
=040  \\$aUk$beng$cUk$erda
=222  \0$aGlobal impacts summary report$b(English ed. Online)
=245  00$aGlobal impacts summary report
=250  \\$aEnglish edition
=263  \\$a201307
=264  \1$aLondon :$bMarine Stewardship Council
=310  \\$aAnnual
=336  \\$atext$2rdacontent
=337  \\$acomputer$2rdamedia
=338  \\$aonline resource$2rdacarrier
=776  08$iAlso issued in print as:$tGlobal impacts summary report$c(English ed. Print)$x2052-8892
=985  \\$aISSN transferred before completion to ISSN International Centre (publisher is international body), September 4 2013.
=CAT  \\$a11313$b40$c20130603$lBLL01$h0922
=CAT  \\$a11313$b40$c20130904$lBLL01$h0902
=CAT  \\$a11313$b40$c20130904$lBLL01$h0906
=CAT  \\$a10973$b40$c20140207$lBLL01$h1534
=FMT  \\$a  SE
=LAS  \\$a10973$b40$c20140207$lBLL01$h1534
=LET  \0$aGlobal impacts report summary (English ed. Electronic)

