=LDR  01092 as a22003138i 4500
=001  016426055
=003  Uk
=005  20130904091553.0
=006  m\\\\\\\\d\|\\\\\\
=007  cr||||||||||||
=008  130607c20139999enkar\p\o\\\\\0\\\a0eng\\
=022  0\$a2052-9899
=040  \\$aUk$beng$cUk$erda
=222  \0$aGlobal impacts report summary$b(French ed. Online)
=245  00$aGlobal impacts report summary.
=250  \\$aFrench edition
=263  \\$a201307
=264  \1$aLondon :$bMarine Stewardship Council
=310  \\$aAnnual
=336  \\$atext$2rdacontent
=337  \\$acomputer$2rdamedia
=338  \\$aonline resource$2rdacarrier
=776  08$iAlso issued in print as:$tGlobal impacts report summary$c(French ed. Print)$x2052-9880
=985  \\$aISSN transferred before completion to ISSN International Centre (publisher is international body), September 4 2013.
=CAT  \\$a11313$b40$c20130607$lBLL01$h1148
=CAT  \\$a11313$b40$c20130904$lBLL01$h0915
=FMT  \\$a  SE
=LAS  \\$a11313$b40$c20130904$lBLL01$h0915
=LET  \0$aGlobal impacts report summary (French ed. Electronic)

