=LDR  01043 as a22003018i 4500
=001  016426090
=003  Uk
=005  20130904091931.0
=007  ta
=008  130607c20139999enkar\p\\\\\\\0\\\a0eng\\
=022  0\$a2052-9929
=040  \\$aUk$beng$cUk$erda
=222  \0$aGlobal impacts report summary$b(Japanese ed. Print)
=245  00$aGlobal impacts report summary.
=250  \\$aJapanese edition
=263  \\$a201307
=264  \1$aLondon :$bMarine Stewardship Council
=310  \\$aAnnual
=336  \\$atext$2rdacontent
=337  \\$aunmediated$2rdamedia
=338  \\$avolume$2rdacarrier
=776  08$iAlso issued online as:$tGlobal impacts report summary$c(Japanese ed. Online)$x2052-9937
=985  \\$aISSN transferred before completion to ISSN International Centre (publisher is international body), September 4 2013.
=CAT  \\$a11313$b40$c20130607$lBLL01$h1330
=CAT  \\$a11313$b40$c20130904$lBLL01$h0919
=FMT  \\$a  SE
=LAS  \\$a11313$b40$c20130904$lBLL01$h0919
=LET  \0$aGlobal impacts report summary (Japanese ed. Print)

