=LDR  01096 as a22003138i 4500
=001  016427429
=003  Uk
=005  20130904092300.0
=006  m\\\\\\\\d\|\\\\\\
=007  cr||||||||||||
=008  130610c20139999enkar\p\o\\\\\0\\\a0eng\\
=022  0\$a2053-0072
=040  \\$aUk$beng$cUk$erda
=222  \0$aGlobal impacts report summary$b(Spanish ed. Online)
=245  00$aGlobal impacts report summary.
=250  \\$aSpanish edition
=263  \\$a201307
=264  \1$aLondon :$bMarine Stewardship Council
=310  \\$aAnnual
=336  \\$atext$2rdacontent
=337  \\$acomputer$2rdamedia
=338  \\$aonline resource$2rdacarrier
=776  08$iAlso issued in print as:$tGlobal impacts report summary$c(Spanish ed. Print)$x2053-0064
=985  \\$aISSN transferred before completion to ISSN International Centre (publisher is international body), September 4 2013.
=CAT  \\$a11313$b40$c20130610$lBLL01$h1144
=CAT  \\$a11313$b40$c20130904$lBLL01$h0923
=FMT  \\$a  SE
=LAS  \\$a11313$b40$c20130904$lBLL01$h0923
=LET  \0$aGlobal impacts report summary (Spanish ed. Electronic)

