=LDR  00906 as a22002898i 4500
=001  016429477
=003  Uk
=005  20210224110227.0
=007  ta
=008  130611c20139999enkqr\p\\\\\\\0\\\a0eng\\
=022  0\$a2053-0382$202
=040  \\$aUk$beng$cUk$erda
=222  \0$aJournal for unified manual healthcare$b(Print)
=245  00$aJournal for unified manual healthcare.
=263  \\$a201306
=264  \1$aLondon :$bHealth Communication Media Ltd.
=310  \\$aQuarterly
=336  \\$atext$2rdacontent
=337  \\$aunmediated$2rdamedia
=338  \\$avolume$2rdacarrier
=985  \\$aPlease link to ISSN 2053-0390 (Online) if ever completed.
=CAT  \\$a10806$b40$c20130611$lBLL01$h1544
=CAT  \\$a10806$b40$c20130611$lBLL01$h1553
=CAT  \\$a10806$b40$c20210224$lBLL01$h1102
=FMT  \\$a  SE
=LAS  \\$a10806$b40$c20210224$lBLL01$h1102
=LET  \0$aJournal for unified manual healthcare (Print)

