=LDR  00747 as a22002538i 4500
=001  016432765
=003  Uk
=005  20130617115907.0
=007  ta
=008  130617c20139999enkmr\p\\\\\\\0\\\a0eng\\
=022  0\$a2053-0277$202
=040  \\$aUk$beng$cUk$erda
=222  \0$aDC super friends
=245  00$aDC super friends.
=263  \\$a201309
=264  \1$aLondon :$bTitan Publishing Group Ltd
=310  \\$aMonthly
=336  \\$atext$2rdacontent
=337  \\$aunmediated$2rdamedia
=338  \\$avolume$2rdacarrier
=985  \\$aISSN UK Centre: Please check key title, qualification may be necessary if title on item presented as 'Super friends'
=CAT  \\$a10973$b40$c20130617$lBLL01$h1159
=FMT  \\$a  SE
=LAS  \\$a10973$b40$c20130617$lBLL01$h1159

