=LDR  00834 as a22002778i 4500
=001  016438142
=003  Uk
=005  20131114160506.0
=007  ta
=008  130627c20149999enkbr\p\\\\\\\0\\\a0eng\\
=022  0\$a2053-1184$202
=040  \\$aUk$beng$cUk$erda
=222  \4$aThe world business review$b(Qualify. 2013)
=245  04$aThe world business review
=263  \\$a201404
=264  \1$aLondon :$bABI Media
=310  \\$aBimonthly
=336  \\$atext$2rdacontent
=337  \\$aunmediated$2rdamedia
=338  \\$avolume$2rdacarrier
=985  \\$aISSN UK Centre: Please check qualification of key title, date should not be necessary.
=CAT  \\$a11315$b40$c20130627$lBLL01$h1438
=CAT  \\$a10973$b40$c20130917$lBLL01$h0933
=CAT  \\$a11130$b40$c20131114$lBLL01$h1605
=FMT  \\$a  SE
=LAS  \\$a11130$b40$c20131114$lBLL01$h1605

