=LDR  01544 as a22004338i 4500
=001  016452774
=003  Uk
=005  20200225092950.0
=007  ta
=008  130716c20139999enkmr\p\\\\\\\0\\\a0eng\\
=022  0\$a2053-3292$202
=040  \\$aUk$beng$cUk$erda
=222  \0$aJournal of operating department practitioners$b(Print)
=245  00$aJournal of operating department practitioners.
=246  10$aODP
=263  \\$a201310
=264  \1$aLondon :$bMA Healthcare Limited
=310  \\$aMonthly
=336  \\$atext$2rdacontent
=337  \\$aunmediated$2rdamedia
=338  \\$avolume$2rdacarrier
=540  \\$aCurrent Copyright Fee: GBP20.00$c97\0$5Uk
=856  \\$31850-9999$uhttp://www.markallengroup.com/ma-healthcare/$xBLDSS
=985  \\$aPlease link to ISSN 2053-3306 (Online) on completion.
=CAT  \\$a10806$b40$c20130716$lBLL01$h1142
=CAT  \\$a10806$b40$c20130716$lBLL01$h1143
=CAT  \\$aBATCH-CLA$b00$c20140228$lBLL01$h1612
=CAT  \\$aIPL-CLA$c20140331$lBLL01$h1642
=CAT  \\$a5552$b40$c20160630$lBLL01$h1216
=CAT  \\$aBLDSS-3PM$b00$c20160711$lBLL01$h1615
=CAT  \\$aBATCH-UPD$b00$c20160711$lBLL01$h1615
=CAT  \\$a10806$b40$c20200225$lBLL01$h0929
=CFI  0\$aCurrent copyright fee: GBP20.00$c97\0$e30-jun-2016$fGBP20.00$g0$hP$5Uk
=CFI  2\$aPrevious Copyright Fee: GBP25.00$c0$e01-apr-2014$fGBP25.00$g0$hC$5Uk
=FFP  \\$aY$bBLDSS-3PM
=FMT  \\$a  SE
=LAS  \\$a10806$b40$c20200225$lBLL01$h0929
=LET  \0$aJournal of operating department practitioners (Print)
=UNO  \\$aY

