=LDR  00782 as a22002538i 4500
=001  016455693
=003  Uk
=005  20130719103344.0
=007  ta
=008  130719c20139999enkdr\n\\\\\\\0\\\a0eng\\
=022  0\$a2053-3438$202
=040  \\$aUk$beng$cUk$erda
=222  \0$aHuddersfield daily examiner$b(North Kirklees ed.)
=245  00$aHuddersfield daily examiner
=263  \\$a201308
=264  \1$aHuddersfield :$bTrinity Mirror Huddersfield Ltd
=310  \\$aDaily
=336  \\$atext$2rdacontent
=337  \\$aunmediated$2rdamedia
=338  \\$avolume$2rdacarrier
=985  \\$aISSN note: this is to be a new regional edition of the Huddersfield daily examiner, ISSN 0962-1644.
=CAT  \\$a11315$b40$c20130719$lBLL01$h1033
=FMT  \\$a  SE
=LAS  \\$a11315$b40$c20130719$lBLL01$h1033

