=LDR  00794 as a22002538i 4500
=001  016455767
=003  Uk
=005  20130719115414.0
=007  ta
=008  130719c20139999enkar\p\\\\\\\0\\\a0eng\\
=022  0\$a2053-3446$202
=040  \\$aUk$beng$cUk$erda
=222  \0$aGolf Chic presents the ... Solheim Cup
=245  00$aGolf Chic presents the ... Solheim Cup
=263  \\$a201308
=264  \1$aBracknell :$bH. Moores
=310  \\$aAnnual
=336  \\$atext$2rdacontent
=337  \\$aunmediated$2rdamedia
=338  \\$avolume$2rdacarrier
=985  \\$aISSN note: related title 'GolfChic' (ISSN 2049-0747), Aleph no.015953101. Please 787 and LKR fields as required on completion. 19/07/13
=CAT  \\$a11315$b40$c20130719$lBLL01$h1154
=FMT  \\$a  SE
=LAS  \\$a11315$b40$c20130719$lBLL01$h1154

