=LDR  00824 as a22002658i 4500
=001  016456147
=003  Uk
=005  20130722113153.0
=007  ta
=008  130722c20139999enkmr\p\\\\\\\0\\\a0eng\\
=022  0\$a2053-3454$202
=040  \\$aUk$beng$cUk$erda
=222  \0$aSpark magazine international
=245  00$aSpark magazine international.
=263  \\$a201309
=264  \1$aLondon :$bC. Sibal
=310  \\$aMonthly
=336  \\$atext$2rdacontent
=337  \\$aunmediated$2rdamedia
=338  \\$avolume$2rdacarrier
=985  \\$aISSN UK note: Related to SPARK (Spark Magazine Media) ISSN 2094-6503.
=985  \\$aIf 776 field required add in {dollar}i Also issued online as: [Please delete this 985 field if not required]
=CAT  \\$a10806$b40$c20130722$lBLL01$h1131
=FMT  \\$a  SE
=LAS  \\$a10806$b40$c20130722$lBLL01$h1131

