=LDR  01617cas a22004218i 4500
=001  016459373
=003  Uk
=005  20220309162507.0
=007  ta
=008  130726c20199999enkqr\p\\\\\\\0\\\a0eng\\
=022  0\$a2053-3950$202
=040  \\$aUk$beng$cUk$erda
=222  \0$aInternational journal of aerospace system science and engineering$b(Print)
=245  00$aInternational journal of aerospace system science and engineering
=263  \\$a201912
=264  \1$aOlney :$bInderscience Publishers
=310  \\$aQuarterly
=336  \\$atext$2rdacontent
=337  \\$aunmediated$2rdamedia
=338  \\$avolume$2rdacarrier
=540  \\$aCurrent copyright fee: GBP28.00$c48\0$5Uk
=856  \\$31850-9999$uhttp://www.inderscience.com/$xBLDSS
=945  \\$aInternational journal of aerospace system science and engineering.
=979  \\$aBritish Library$bDSC$j4541.577600N
=985  \\$aISSN UK Centre: see also online version, ISSN 2053-3969. Please add 776 to both records on completion.
=CAT  \\$a11315$b40$c20130726$lBLL01$h1550
=CAT  \\$a10973$b40$c20160224$lBLL01$h1544
=CAT  \\$a5552$b40$c20181122$lBLL01$h1409
=CAT  \\$aBLDSS-3PM$b00$c20181126$lBLL01$h1511
=CAT  \\$aBATCH-UPD$b00$c20181126$lBLL01$h1514
=CAT  \\$a10973$b40$c20181205$lBLL01$h1016
=CAT  \\$a10973$b40$c20220309$lBLL01$h1625
=CFI  0\$aCurrent copyright fee: GBP28.00$c48\0$e22-nov-2018$fGBP28.00$g0$hP$5Uk
=FFP  \\$aY$bBLDSS-3PM
=FMT  \\$a  SE
=LAS  \\$a10973$b40$c20220309$lBLL01$h1625
=LET  \0$aInternational journal of aerospace system science and engineering (Print)
=UNO  \\$aY

