=LDR  00893 as a22002778i 4500
=001  016473985
=003  Uk
=005  20141205120223.0
=007  ta
=008  130814c20139999stkgr\p\\\\\\\0\\\a0eng\\
=022  0\$a2053-5589$202
=040  \\$aUk$beng$cUk$erda
=222  \0$aUnderstanding and resolving land use conflicts$b(Print)
=245  00$aUnderstanding and resolving land use conflicts.
=263  \\$a201309
=264  \1$aAberdeen :$bJames Hutton Institute
=310  \\$aBiennial
=336  \\$atext$2rdacontent
=337  \\$aunmediated$2rdamedia
=338  \\$avolume$2rdacarrier
=985  \\$aISSN UK: Add 776 link to online record when completing (Richard, 05/12/14)
=CAT  \\$a11313$b40$c20130814$lBLL01$h1123
=CAT  \\$a10806$b40$c20141205$lBLL01$h1202
=FMT  \\$a  SE
=LAS  \\$a10806$b40$c20141205$lBLL01$h1202
=LET  \0$aUnderstanding and resolving land use conflicts (Print)

