=LDR  00987 as a22002898i 4500
=001  016476087
=003  Uk
=005  20141205111228.0
=007  ta
=008  130819c20139999enkfr\p\\\\\\\0\\\a0eng\\
=022  0\$a2053-5082$202
=040  \\$aUk$beng$cUk$erda
=222  \0$aTrade & supply chain finance special report$b(Print)
=245  00$aTrade & supply chain finance special report.
=246  3\$aTrade and supply chain finance special report
=263  \\$a201309
=264  \1$aLondon :$bTXF Limited
=310  \\$aSemiannual
=336  \\$atext$2rdacontent
=337  \\$aunmediated$2rdamedia
=338  \\$avolume$2rdacarrier
=985  \\$aISSN UK - 776 links with online version ISSN 2053-5090 removed - please add if print version ever received (Richard, 05/12/14)
=CAT  \\$a10973$b40$c20130819$lBLL01$h1020
=CAT  \\$a10806$b40$c20141205$lBLL01$h1112
=FMT  \\$a  SE
=LAS  \\$a10806$b40$c20141205$lBLL01$h1112
=LET  \0$aTrade & supply chain finance special report (Print)

