=LDR  01470 as a2200397 i 4500
=001  016502273
=003  Uk
=005  20130924083419.0
=006  m\\\\\|\\d\|\\\\\\
=007  cr\|||||||||||
=008  130923d20112011enkwr\\\o\\\\\0\\\a0eng\\
=022  \\$a2047-699X
=040  \\$aUk$beng$cUk$erda
=042  \\$aukblsr
=082  04$a793.3$223
=245  00$aStep-by-step dance course.
=246  3\$aStep by step dance course
=264  \1$aLondon :$bRBA Coleccionables, S.A. c/o Hothouse Developments,$c2011.
=310  \\$aWeekly
=336  \\$atext$2rdacontent
=337  \\$acomputer$2rdamedia
=338  \\$aonline resource$2rdacarrier
=362  0\$aIssue 1-issue 4.
=500  \\$aTitle from PDF cover (email, sent June 22, 2012).
=500  \\$aOriginal print publication consisted of printed text plus DVD.
=650  \0$aDance$vPeriodicals.
=776  08$iReproduction of:$tStep-by-step dance course
=856  40$uwww.dance-course.com$zLink no longer valid
=985  \\$aOnline issues sent in response to print claim - print copies no longer available. No ISSN assigned for online as it is a reproduction of a print partwork serial and excludes the DVD.
=CAT  \\$a11316$b40$c20130923$lBLL01$h1556
=CAT  \\$a11316$b40$c20130924$lBLL01$h0834
=CAT  \\$aW1711-1225$c20171203$lBLL01$h1054
=FIN  \\$aY$d20130923
=FMT  \\$a  SE
=LAS  \\$aW1711-1225$b00$c20171203$lBLL01$h1054
=STA  \\$aSUPPRESSED$bunable to determine reason for suppression

