=LDR  00883 as a22003018i 4500
=001  016502408
=003  Uk
=005  20131210164615.0
=006  m\\\\\\\\d\|\\\\\\
=007  cr||||||||||||
=008  130924c20139999stkbr\p\o\\\\\0\\\a0eng\\
=022  0\$a2053-9290$202
=040  \\$aUk$beng$cUk$erda
=222  \0$aHope St.$b(Qualify. Online)
=245  00$aHope St.
=246  3\$aHope Street
=263  \\$a201310
=264  \1$aGlasgow :$bS. Hill
=310  \\$aBimonthly
=336  \\$atext$2rdacontent
=337  \\$acomputer$2rdamedia
=338  \\$aonline resource$2rdacarrier
=985  \\$aISSN UK: Please add reciprocal 776 links with print record (ISSN 2053-325X) on completion. Thank you.
=CAT  \\$a10973$b40$c20130924$lBLL01$h0909
=CAT  \\$a10806$b40$c20131210$lBLL01$h1646
=FMT  \\$a  SE
=LAS  \\$a10806$b40$c20131210$lBLL01$h1646
=LET  \0$aHope St. (Electronic)

