=LDR  00841 as a22002778i 4500
=001  016506570
=003  Uk
=005  20130930115126.0
=007  ta
=008  130930c20139999enker\p\\\\\\\0\\\a0eng\\
=022  0\$a2053-9460$202
=040  \\$aUk$beng$cUk$erda
=222  \0$aMotor car pages$b(Midlands ed.)
=245  00$aMotor car pages.
=250  \\$aMidlands edition
=263  \\$a201309
=264  \1$aLondon :$bLoot Ltd
=310  \\$aFortnightly
=336  \\$atext$2rdacontent
=337  \\$aunmediated$2rdamedia
=338  \\$avolume$2rdacarrier
=985  \\$aISSN UK Centre note: Change of title from 'Auto carpages.com (Midlands ed.) (ISSN 2053-9436). Please add 78X/LKR as necessary.
=CAT  \\$a10973$b40$c20130930$lBLL01$h1151
=FMT  \\$a  SE
=LAS  \\$a10973$b40$c20130930$lBLL01$h1151
=LET  \0$aMotor car pages (Midlands edition)

