=LDR  00879 as a22002898i 4500
=001  016512065
=003  Uk
=005  20131004153432.0
=007  ta
=008  131004c20149999enk\x\m\\\\\\\0\\\a0eng\\
=022  0\$a2053-9002$202
=040  \\$aUk$beng$cUk$erda
=222  \0$aRADA guides$b(Print)
=245  00$aRADA guides
=246  3\$aRoyal Academy of Dramatic Art guides
=263  \\$a201404
=264  \1$aLondon :$bBloomsbury Methuen Drama
=310  \\$aIrregular
=336  \\$atext$2rdacontent
=337  \\$aunmediated$2rdamedia
=338  \\$avolume$2rdacarrier
=776  08$iAlso issue online as:$tRADA guides$x2053-9010
=985  \\$aISSN note: monographic series. Do not add items to this record. This record for ISSN purposes only.
=CAT  \\$a11315$b40$c20131004$lBLL01$h1534
=FMT  \\$a  SE
=LAS  \\$a11315$b40$c20131004$lBLL01$h1534
=LET  \0$aRADA guides (Print)

