=LDR  00967 as a22002898i 4500
=001  016517084
=003  Uk
=005  20131009133605.0
=007  ta
=008  131009c20139999enkfr\p\\\\\\\0\\\a0eng\\
=022  0\$a2054-1252$202
=040  \\$aUk$beng$cUk$erda
=222  \0$aWorld agriculture & environment$b(Print)
=245  00$aWorld agriculture & environment.
=246  3\$aWorld agriculture and environment
=263  \\$a201311
=264  \1$aBarnsley :$bScript Media Group Ltd
=310  \\$aSemiannual
=336  \\$atext$2rdacontent
=337  \\$aunmediated$2rdamedia
=338  \\$avolume$2rdacarrier
=776  08$iAlso issued online as:$tWorld agriculture & environment$x2054-1260
=985  \\$aISSN UK Centre: Change of title from 'World agriculture' (ISSN 2043-7234), please add 78X/LKR as necessary.
=CAT  \\$a10973$b40$c20131009$lBLL01$h1336
=FMT  \\$a  SE
=LAS  \\$a10973$b40$c20131009$lBLL01$h1336
=LET  \0$aWorld agriculture & environment (Print)

