=LDR  00984 as a22002898i 4500
=001  016517085
=003  Uk
=005  20131009133609.0
=006  m\\\\\\\\d\|\\\\\\
=007  cr||||||||||||
=008  131009c20139999enkfr\p\o\\\\\0\\\a0eng\\
=022  0\$a2054-1260$202
=040  \\$aUk$beng$cUk$erda
=222  \0$aWorld agriculture & environment$b(Online)
=245  00$aWorld agriculture & environment
=246  3\$aWorld agriculture and environment
=264  \1$aBarnsley :$bScript Media Group Ltd
=310  \\$aSemiannual
=336  \\$atext$2rdacontent
=337  \\$acomputer$2rdamedia
=338  \\$aonline resource$2rdacarrier
=776  08$iAlso issued in print as:$tWorld agriculture & environment$x2054-1252
=985  \\$aISSN UK Centre note: Change of title from 'World agriculture', no ISSN for online version.
=CAT  \\$a10973$b40$c20131009$lBLL01$h1336
=FMT  \\$a  SE
=LAS  \\$a10973$b40$c20131009$lBLL01$h1336
=LET  \0$aWorld agriculture & environment (Electronic)

