=LDR  00870 as a22002538i 4500
=001  016517652
=003  Uk
=005  20131010153106.0
=007  ta
=008  131010c20139999enkar\p\\\\\\\0\\\a0eng\\
=022  0\$a2053-9622$202
=040  \\$aUk$beng$cUk$erda
=222  \0$aInternational Career Institute course guide$b(UK ed.)
=245  00$aInternational Career Institute course guide
=263  \\$a201312
=264  \1$aLondon :$bInternational Career Institute
=310  \\$aAnnual
=336  \\$atext$2rdacontent
=337  \\$aunmediated$2rdamedia
=338  \\$avolume$2rdacarrier
=985  \\$aISSN note: the International Career Institute has several centres around the world which may produce their own course guides so a regional edition statement may be required.
=CAT  \\$a11315$b40$c20131010$lBLL01$h1531
=FMT  \\$a  SE
=LAS  \\$a11315$b40$c20131010$lBLL01$h1531

