=LDR  00979 as a22003018i 4500
=001  016531071
=003  Uk
=005  20140523085620.0
=007  ta
=008  131030c20149999enkar\m\\\\\\\0\\\a0eng\\
=022  0\$a2054-2437$202
=040  \\$aUk$beng$cUk$erda
=222  \0$aClassics textbooks$b(Print)
=245  00$aClassics textbooks.
=263  \\$a201409
=264  \1$aCambridge :$bOpen Book Publishers
=310  \\$aAnnual
=336  \\$atext$2rdacontent
=337  \\$aunmediated$2rdamedia
=338  \\$avolume$2rdacarrier
=776  08$iAlso issued online as:$tClassics textbooks$x2054-2445
=985  \\$aISSN UK - see file for correspondence re. ROAD and delays in publishing volumes which quote the series title (Richard, 21/05/14)
=CAT  \\$a10806$b40$c20131030$lBLL01$h1120
=CAT  \\$a10806$b40$c20140521$lBLL01$h0856
=CAT  \\$a11130$b40$c20140523$lBLL01$h0856
=FMT  \\$a  SE
=LAS  \\$a11130$b40$c20140523$lBLL01$h0856
=LET  \0$aClassics textbooks (Print)

