=LDR  01037 as a22003138i 4500
=001  016531074
=003  Uk
=005  20140523085540.0
=006  m\\\\\\\\d\|\\\\\\
=007  cr||||||||||||
=008  131030c20149999enkar\m\o\\\\\0\\\a0eng\\
=022  0\$a2054-2445$202
=040  \\$aUk$beng$cUk$erda
=222  \0$aClassics textbooks$b(Online)
=245  00$aClassics textbooks.
=263  \\$a201409
=264  \1$aCambridge :$bOpen Book Publishers
=310  \\$aAnnual
=336  \\$atext$2rdacontent
=337  \\$acomputer$2rdamedia
=338  \\$aonline resource$2rdacarrier
=776  08$iAlso issued in print as:$tClassics textbooks$x2054-2437
=985  \\$aISSN UK - see file for correspondence re. ROAD and delays in publishing volumes which quote the series title (Richard, 21/05/14)
=CAT  \\$a10806$b40$c20131030$lBLL01$h1122
=CAT  \\$a10806$b40$c20140521$lBLL01$h0857
=CAT  \\$a11130$b40$c20140523$lBLL01$h0855
=FMT  \\$a  SE
=LAS  \\$a11130$b40$c20140523$lBLL01$h0855
=LET  \0$aClassics textbooks (Electronic)

