=LDR  00900 as a22002778i 4500
=001  016531950
=003  Uk
=005  20200922090840.0
=007  ta
=008  131101c20199999enkfr\p\\\\\\\0\\\a0eng\\
=022  0\$a2054-3530$202
=040  \\$aUk$beng$cUk$erda
=222  \4$aThe mushroom$b(Qualify)
=245  04$aThe mushroom
=263  \\$a201904
=264  \1$aEastbourne :$bMycology Press
=310  \\$aSemiannual
=336  \\$atext$2rdacontent
=337  \\$aunmediated$2rdamedia
=338  \\$avolume$2rdacarrier
=985  \\$aISSN UK Centre note: publication originally due 2014, delayed until Spring 2019. NYP 22.9.20, title changed in advance of publication from Mycotherapy to 'The mushroom'. DLW.
=CAT  \\$a11315$b40$c20131101$lBLL01$h1135
=CAT  \\$a10973$b40$c20181129$lBLL01$h1004
=CAT  \\$a10973$b40$c20200922$lBLL01$h0908
=FMT  \\$a  SE
=LAS  \\$a10973$b40$c20200922$lBLL01$h0908

