=LDR  02642cas a2200649ua 4500
=001  016538484
=003  Uk
=005  20221231145212.0
=007  ta
=008  131106c20129999ne\qr\p\\\\\\\0\\\a0eng\\
=022  \\$a2146-457X
=040  \\$aUk$beng$cUk
=245  00$aJournal of pediatric epilepsy.
=260  \\$aAmsterdam :$bIOS Press,$c2012-
=336  \\$atext$2rdacontent
=337  \\$aunmediated$2rdamedia
=338  \\$avolume$2rdacarrier
=540  \\$aCurrent copyright fee: GBP47.00$c49\0$5Uk
=590  \\$aRoute FAILED DSC EXTENDED searches to Records Team
=776  0\$tJournal of pediatric epilepsy (Online)$x2146-4588
=856  \\$31850-9999$uhttp://www.iospress.nl/$xBLDSS
=945  \\$aJournal of pediatric epilepsy
=979  \\$aBritish Library$bDSC$j5030.174500N
=985  \\$aISSN free on Portal
=ACF  \\$aPrevious copyright fee: GBP15.00$c27\0$e06-nov-2013$fGBP15.00$g0$hP$5Uk
=ACF  \\$aPrevious Copyright Fee: GBP19.00$c49\0$e30-jun-2015$fGBP19.00$g0$hP$5Uk
=ACF  \\$aPrevious copyright fee: GBP21.00$c49\0$e01-jan-2017$fGBP21.00$g0$hP$5Uk
=ACF  \\$aPrevious copyright fee: GBP24.00$c49\0$e01-jan-2018$fGBP24.00$g0$hP$5Uk
=ACF  \\$aPrevious copyright fee: GBP26.00$c49\0$e01-jan-2019$fGBP26.00$g0$hP$5Uk
=ACF  \\$aPrevious copyright fee: GBP31.00$c49\0$e10-may-2021$fGBP31.00$g0$hP$5Uk
=CAT  \\$a5552$b40$c20131106$lBLL01$h1345
=CAT  \\$a6537$b40$c20140812$lBLL01$h1504
=CAT  \\$aBLDSS-3PM$b00$c20150111$lBLL01$h1526
=CAT  \\$a6550$b40$c20150227$lBLL01$h1524
=CAT  \\$a5552$b40$c20150630$lBLL01$h1420
=CAT  \\$aBATCH-UPD$b40$c20160413$lBLL01$h1827
=CAT  \\$aBATCH-UPD$b40$c20161212$lBLL01$h1808
=CAT  \\$aBATCH-UPD$b40$c20161212$lBLL01$h1815
=CAT  \\$aIPL-CLA$c20161231$lBLL01$h0014
=CAT  \\$aBATCH-UPD$b00$c20171220$lBLL01$h1158
=CAT  \\$aIPL-CLA$c20171231$lBLL01$h1821
=CAT  \\$aBATCH-UPD$b00$c20181126$lBLL01$h1136
=CAT  \\$aIPL-CLA$c20181231$lBLL01$h1553
=CAT  \\$aBATCH-UPD$b00$c20190314$lBLL01$h1523
=CAT  \\$aBATCH-UPD$b00$c20210510$lBLL01$h1229
=CAT  \\$aIPL-CLA$c20210510$lBLL01$h1315
=CAT  \\$aBATCH-UPD$b00$c20211119$lBLL01$h1527
=CAT  \\$aIPL-CLA$c20211231$lBLL01$h1546
=CAT  \\$aBATCH-UPD$b00$c20221121$lBLL01$h1437
=CAT  \\$aIPL-CLA$c20221231$lBLL01$h1452
=CFI  0\$aCurrent copyright fee: GBP47.00$c49\0$e01-jan-2023$fGBP47.00$g0$hP$5Uk
=CFI  2\$aPrevious copyright fee: GBP32.00$c49\0$e01-jan-2022$fGBP32.00$g0$hP$5Uk
=FFP  \\$aY$bBLDSS-3PM
=FMT  \\$a  SE
=LAS  \\$aIPL-CLA$b00$c20221231$lBLL01$h1452
=TOC  \\$aETOC
=UNO  \\$aY

