=LDR  03444 as a2200745 a 4500
=001  016539277
=003  Uk
=005  20180416145921.0
=007  ta
=008  131108d20122016ne\uu\p\\\\\\\0\\\a0eng\\
=022  0\$a2090-9896
=040  \\$aUk$beng$cUk$dUk
=222  \0$aJournal of basic & applied zoology$b(Print)
=245  04$aThe journal of basic and applied zoology.
=260  \\$aAmsterdam :$bElsevier,$c2012-2016.
=336  \\$atext$2rdacontent
=337  \\$aunmediated$2rdamedia
=338  \\$avolume$2rdacarrier
=540  \\$aCurrent copyright fee: zero$c22\1$5Uk
=590  \\$aRoute FAILED DSC EXTENDED searches to Records Team
=650  \0$aZoology$vPeriodicals.
=710  2\$aEgyptian-German Society of Zoology.
=776  0\$tJournal of basic & applied zoology (Online)$x2090-990X
=780  04$tJournal of the Egyptian German Society of Zoology. A, Comparative Physiology$x1110-5321
=780  04$tJournal of the Egyptian German Society of Zoology. B, Anatomy and Embryology$x1110-533X
=780  04$tJournal of the Egyptian German Society of Zoology. C, Histology and Histochemistry$x1110-5348
=780  04$tJournal of the Egyptian German Society of Zoology. D, Invertebrate Zoology and Parasitology$x1110-5356
=780  04$tJournal of the Egyptian German Society of Zoology. E, Entomolgy$x1110-5364
=856  \\$31850-9999$uhttp://link.springer.com/$xBLDSS
=945  \\$aJournal of basic and applied zoology
=979  \\$aBritish Library$bDSC$j4951.116800N
=985  \\$aISSN UK Centre note: Online version due to be taken over by Springer Nature in 2017. Print ceased with vol. 77 (2016) (info from publisher, 14 Feb 2017).
=ACF  \\$aPrevious copyright fee: zero$c5\1$e06-may-2016$fGBP0.00$g0$hP$5Uk
=ACF  \\$aPrevious copyright fee: GBP22.50$c5\1$e08-nov-2013$fGBP22.50$g0$hP$5Uk
=ACF  \\$aPrevious Copyright Fee: GBP22.50$c0$e01-jul-2017$fGBP22.50$g0$hC$5Uk
=ACF  \\$aPrevious copyright fee: GBP15.00$c0$e06-apr-2017$fGBP15.00$g0$hA$5Uk
=ACF  \\$aPrevious Copyright Fee: GBP31.96$c22\1$e06-jul-2017$fGBP31.96$g0$hP$5Uk
=CAT  \\$a5552$b40$c20131108$lBLL01$h1105
=CAT  \\$a6537$b40$c20140821$lBLL01$h0829
=CAT  \\$aBLDSS-3PM$b00$c20141222$lBLL01$h1721
=CAT  \\$a8874$b40$c20150219$lBLL01$h1015
=CAT  \\$aBATCH-UPD$b40$c20160413$lBLL01$h1827
=CAT  \\$a5552$b40$c20160506$lBLL01$h1547
=CAT  \\$a11313$b40$c20170216$lBLL01$h1330
=CAT  \\$a11313$b40$c20170216$lBLL01$h1339
=CAT  \\$a5552$b40$c20170406$lBLL01$h0850
=CAT  \\$a5552$b40$c20170407$lBLL01$h1224
=CAT  \\$aBATCH-CLA$b00$c20170531$lBLL01$h1659
=CAT  \\$aIPL-CLA$c20170630$lBLL01$h1605
=CAT  \\$a5552$b40$c20170706$lBLL01$h1152
=CAT  \\$aBLDSS-3PM$b00$c20170710$lBLL01$h1416
=CAT  \\$aBATCH-UPD$b00$c20170710$lBLL01$h1416
=CAT  \\$aBATCH-UPD$b00$c20170712$lBLL01$h0025
=CAT  \\$aBATCH-UPD$b00$c20170904$lBLL01$h1845
=CAT  \\$aIPL-CLA$c20170929$lBLL01$h1803
=CAT  \\$a5410$b40$c20180215$lBLL01$h1555
=CAT  \\$aBATCH-UPD$b40$c20180223$lBLL01$h1706
=CAT  \\$aIPL-CLA$c20180331$lBLL01$h1706
=CAT  \\$a5552$b40$c20180416$lBLL01$h1459
=CFI  0\$aCurrent copyright fee: zero$c22\1$e01-apr-2018$fGBP0.00$g0$hP$5Uk
=CFI  2\$aPrevious copyright fee: GBP30.73$c22\1$e01-oct-2017$fGBP30.73$g0$hP$5Uk
=FFP  \\$aY$bBLDSS-3PM
=FMT  \\$a  SE
=LAS  \\$a5552$b40$c20180416$lBLL01$h1459
=UNO  \\$aY

