=LDR  00818 as a22002778i 4500
=001  016544326
=003  Uk
=005  20131115113029.0
=007  ta
=008  131115c20139999enkar\p\\\\\\\0\\\a0eng\\
=022  0\$a2054-4502$202
=040  \\$aUk$beng$cUk$erda
=222  \0$aIrish post$b(Christmas ed.)
=245  00$aIrish post.
=250  \\$aChristmas edition
=263  \\$a201312
=264  \1$aLondon :$bIrish Post
=310  \\$aAnnual
=336  \\$atext$2rdacontent
=337  \\$aunmediated$2rdamedia
=338  \\$avolume$2rdacarrier
=985  \\$aISSN note: Related title, Irish Post', Aleph no. 013922831, ISSN 0959-3748. 787 and LKR fields required on completion.
=CAT  \\$a11315$b40$c20131115$lBLL01$h1130
=FMT  \\$a  SE
=LAS  \\$a11315$b40$c20131115$lBLL01$h1130
=LET  \0$aIrish post (Christmas edition)

