=LDR  00747 as a22002538i 4500
=001  016563094
=003  Uk
=005  20131209102713.0
=007  ta
=008  131209c20139999enkqr\p\\\\\\\0\\\a0eng\\
=022  0\$a2054-5495$202
=040  \\$aUk$beng$cUk$erda
=222  \0$aYour handmade home
=245  00$aYour handmade home.
=263  \\$a201312
=264  \1$aBristol :$bImmediate Media Company
=310  \\$aQuarterly
=336  \\$atext$2rdacontent
=337  \\$aunmediated$2rdamedia
=338  \\$avolume$2rdacarrier
=985  \\$aISSN UK Centre: Change of title from 'Handmade' (ISSN 2049-5366), please add 78X/LKR as necessary on completion.
=CAT  \\$a10973$b40$c20131209$lBLL01$h1027
=FMT  \\$a  SE
=LAS  \\$a10973$b40$c20131209$lBLL01$h1027

