=LDR  00788 as a22002658i 4500
=001  016567167
=003  Uk
=005  20131213153336.0
=007  ta
=008  131213c20149999enkbr\p\\\\\\\0\\\a0eng\\
=022  0\$a2054-6009$202
=040  \\$aUk$beng$cUk$erda
=222  \0$aCore surgery journal$b(Print)
=245  00$aCore surgery journal.
=263  \\$a201401
=264  \1$aLondon :$b123Doc Education
=310  \\$aBimonthly
=336  \\$atext$2rdacontent
=337  \\$aunmediated$2rdamedia
=338  \\$avolume$2rdacarrier
=985  \\$aISSN UK note: Please add reciprocal 776 fields with previously completed online record (ISSN 2046-0198)
=CAT  \\$a10806$b40$c20131213$lBLL01$h1533
=FMT  \\$a  SE
=LAS  \\$a10806$b40$c20131213$lBLL01$h1533
=LET  \0$aCore surgery journal (Print)

