=LDR  00826 as a22003018i 4500
=001  016586527
=003  Uk
=005  20131220115636.0
=007  ta
=008  131218c20139999enkwr\p\\\\\\\0\\\a0eng\\
=022  0\$a2054-6173$202
=040  \\$aUk$beng$cUk$erda
=222  \0$aScottish loot$b(Tuesday ed.)
=245  00$aScottish loot.
=246  3\$aLoot Scottish edition
=250  \\$aTuesday edition.
=263  \\$a201402
=264  \1$aLondon :$bLoot Ltd
=310  \\$aWeekly
=336  \\$atext$2rdacontent
=337  \\$aunmediated$2rdamedia
=338  \\$avolume$2rdacarrier
=985  \\$aSee also Friday edition (ISSN 2054-622X).
=CAT  \\$a10973$b40$c20131218$lBLL01$h1519
=CAT  \\$a10973$b40$c20131220$lBLL01$h1156
=FMT  \\$a  SE
=LAS  \\$a10973$b40$c20131220$lBLL01$h1156
=LET  \0$aScottish loot (Tuesday ed.)

