=LDR  00774 as a22002898i 4500
=001  016587413
=003  Uk
=005  20131220115147.0
=007  ta
=008  131220c20149999enkwr\p\\\\\\\0\\\a0eng\\
=022  0\$a2054-622X$202
=040  \\$aUk$beng$cUk$erda
=222  \0$aScottish loot$b(Friday ed.)
=245  00$aScottish loot.
=246  3\$aLoot Scottish edition
=250  \\$aFriday edition
=263  \\$a201402
=264  \1$aLondon :$bLoot Ltd
=310  \\$aWeekly
=336  \\$atext$2rdacontent
=337  \\$aunmediated$2rdamedia
=338  \\$avolume$2rdacarrier
=985  \\$aSee also Tuesday edition (ISSN 2054-6173).
=CAT  \\$a10973$b40$c20131220$lBLL01$h1151
=FMT  \\$a  SE
=LAS  \\$a10973$b40$c20131220$lBLL01$h1151
=LET  \0$aScottish loot (Friday ed.)

