=LDR  03420 as a22006253  4500
=001  016588095
=003  Uk
=005  20191107114234.0
=007  ta
=008  040409d1985201uts\a|\p\\\\\\\0\\\f0ara\\
=019  c\$a3016481
=022  0\$a1026-4116
=040  \\$aUk$cUk$dUk
=222  \0$aMagallaat al-'ulum al-iqtisadiyyat wa-al-idariyyat
=245  00$aMagallaat al-'ulum al-iqtisadiyyat wa-al-idariyyat
=246  31$aJournal of economic and administrative sciences
=260  \\$aAl-'Ayn :$bGami'at al-imarat al-'arabiyyat, Kulliyyat al-'ulum al-iqtisadiyyat wa-al-idariyyat
=336  \\$atext$2rdacontent
=337  \\$aunmediated$2rdamedia
=338  \\$avolume$2rdacarrier
=540  \\$aCurrent copyright fee: GBP30.00$c25\0$5Uk
=595  \\$aSee Serial Records EJ.
=785  00$tJournal of economic and administrative sciences$x2054-6238
=856  \\$31850-9999$uhttp://www.emeraldinsight.com/$xBLDSS
=945  \\$aJournal of economic and administrative sciences.
=979  \\$aBritish Library$bDSC$j4972.540000N
=985  \\$aCorrected by BSS-generated file for WR# 10/166
=985  \\$aISSN UK Centre note: This record reinstated after having been merged with #016112384. No copies in BL. This negative suppressed record originally had 245 English title but journal articles were originally predominantly in Arabic. (see http://jeas.cbe.uaeu.ac.ae/published_issues.htm). ISSN key title is in Arabic. OCLC record 37874946 has Arabic title as: Majallat al-ulum al-iqtisadiyah wa-al-idariyah and original parallel title as: 'Economic & administrative sciences review' 1985-1990. Arabic title preferred as the title proper. Emerald took over publication in 2012 and Arabic no longer used on the publication, therefore a major title change and catalogued on separate record with new ISSN. Possible that Arabic title could have been dropped between 2010-2012 but no issues available - SF 31/12/2013.
=ACF  \\$aBritish Library not licensed to copy$c0$e07-sep-2011$hC$iTX$5Uk
=ACF  \\$aPrevious copyright fee: GBP5.00$c0$e17-jun-2003$fGBP5.00$g0$hA$5Uk
=ACF  \\$aPrevious copyright fee: GBP6.00$c0$e01-apr-2008$fGBP6.00$g0$hA$5Uk
=ACF  \\$aPrevious copyright fee: GBP9.00$c0$e01-apr-2010$fGBP9.00$g0$hA$5Uk
=ACF  \\$aPrevious copyright fee: GBP10.50$c0$e01-jan-2011$fGBP10.50$g0$hA$5Uk
=CAT  \\$a6537$b40$c20131223$lBLL01$h0927
=CAT  \\$a6537$b40$c20131223$lBLL01$h0929
=CAT  \\$a11316$b40$c20131231$lBLL01$h1024
=CAT  \\$a5552$b40$c20140102$lBLL01$h0922
=CAT  \\$a6537$b40$c20140812$lBLL01$h1344
=CAT  \\$aBLDSS-3PM$b00$c20141121$lBLL01$h1853
=CAT  \\$a8874$b40$c20141124$lBLL01$h0808
=CAT  \\$aBATCH-UPD$b40$c20151109$lBLL01$h1748
=CAT  \\$aIPL-CLA$c20151109$lBLL01$h1813
=CAT  \\$aBATCH-UPD$b00$c20160413$lBLL01$h1827
=CAT  \\$aBATCH-UPD$b00$c20160524$lBLL01$h2215
=CAT  \\$aBATCH-UPD$b00$c20160525$lBLL01$h0057
=CAT  \\$a5410$b40$c20191107$lBLL01$h1142
=CFI  0\$aCurrent copyright fee: GBP30.00$c25\0$e09-nov-2015$fGBP30.00$g0$hP$5Uk
=CFI  2\$aPrevious copyright fee: GBP20.00$c25\0$e02-jan-2014$fGBP20.00$g0$hP$5Uk
=FFP  \\$aY$bBLDSS-3PM
=FIN  \\$aY
=FMT  \\$a  SE
=LAS  \\$a5410$b40$c20191107$lBLL01$h1142
=LEO  \\$aMP10.0000320958
=SRC  \\$aDSS01$bbibmp10.200404.2.aa
=UNO  \\$aY

