=LDR  00948 as a22002898i 4500
=001  016590634
=003  Uk
=005  20131230135722.0
=007  ta
=008  131230c20149999enkbr\p\\\\\\\0\\\a0eng\\
=022  0\$a2054-6416$202
=040  \\$aUk$beng$cUk$erda
=222  \0$aRoad book$b(UK ed.)
=245  00$aRoad book.
=250  \\$aUK edition.
=263  \\$a201402
=264  \1$aLondon :$bIndicium Publishing Limited
=310  \\$aBimonthly
=336  \\$atext$2rdacontent
=337  \\$aunmediated$2rdamedia
=338  \\$avolume$2rdacarrier
=985  \\$aISSN UK note: Singapore edition published with ISSN 2335-6723 (not yet completed, OCLC record viewed). See file for correspondence with publisher re. printing of UK edition statement (Richard, 30/12/13)
=CAT  \\$a10806$b40$c20131230$lBLL01$h1356
=CAT  \\$a10806$b40$c20131230$lBLL01$h1357
=FMT  \\$a  SE
=LAS  \\$a10806$b40$c20131230$lBLL01$h1357
=LET  \0$aRoad book (UK edition)

