=LDR  02490cas a22005657i 4500
=001  016593803
=003  Uk
=005  20221231232610.0
=007  ta
=008  140103c19999999it\\x\m\\\\\\\0\\\a0eng\\
=022  \\$a2226-6062
=040  \\$aUk$beng$cUk$dUk$erda
=222  \0$aEnvironment and natural resources management working paper
=245  00$aEnvironment and natural resources management working paper.
=260  \\$aRome :$bFood and Agriculture Organization of the United Nations
=336  \\$atext$2rdacontent
=337  \\$aunmediated$2rdamedia
=338  \\$avolume$2rdacarrier
=540  \\$aCurrent Copyright Fee: GBP25.00$c0$5Uk
=583  0\$aNot selected$c20150528$kCC
=588  \\$aDescription based on: 55, entitled: Bioslurry = Brown gold? A review of scientific literature on the co-product of biogas production, published 2013.
=945  \\$aEnvironment and natural resources management working paper
=979  \\$aBritish Library$bDSC$j3791.104510N
=985  \\$aISSN RECORD ONLY. Do not merge. Do not add items. Monographic series title.
=ACF  \\$aPrevious copyright fee: GBP12.30$c0$e03-jan-2014$fGBP12.30$g0$hA$5Uk
=ACF  \\$aPrevious Copyright Fee: GBP15.00$c0$e01-jan-2017$fGBP15.00$g0$hA$5Uk
=ACF  \\$aPrevious Copyright Fee: GBP17.50$c0$e01-jan-2018$fGBP17.50$g0$hA$5Uk
=ACF  \\$aPrevious Copyright Fee: GBP20.00$c0$e01-jan-2020$fGBP20.00$g0$hA$5Uk
=CAT  \\$a8411$b40$c20140103$lBLL01$h1458
=CAT  \\$a5552$b40$c20150225$lBLL01$h0838
=CAT  \\$a5918$b40$c20150528$lBLL01$h1213
=CAT  \\$aBATCH-CLA$b00$c20161222$lBLL01$h1837
=CAT  \\$aIPL-CLA$c20161231$lBLL01$h0015
=CAT  \\$aBATCH-CLA$b00$c20171222$lBLL01$h2216
=CAT  \\$aIPL-CLA$c20171231$lBLL01$h1822
=CAT  \\$aBATCH-CLA$b00$c20191219$lBLL01$h1800
=CAT  \\$aIPL-CLA$c20191231$lBLL01$h2036
=CAT  \\$aR2001-1524$c20200127$lBLL01$h2101
=CAT  \\$aBATCH-CLA$b00$c20201204$lBLL01$h1612
=CAT  \\$aIPL-CLA$c20201231$lBLL01$h2339
=CAT  \\$a8323$b40$c20211115$lBLL01$h1526
=CAT  \\$a11205$b40$c20211202$lBLL01$h1103
=CAT  \\$a11205$b40$c20211202$lBLL01$h1104
=CAT  \\$aBATCH-CLA$b00$c20221221$lBLL01$h1928
=CAT  \\$aIPL-CLA$c20221231$lBLL01$h2326
=CFI  0\$aCurrent Copyright Fee: GBP25.00$c0$e01-jan-2023$fGBP25.00$g0$hA$5Uk
=CFI  2\$aPrevious Copyright Fee: GBP22.50$c0$e01-jan-2021$fGBP22.50$g0$hA$5Uk
=FIN  \\$aY$d20211202
=FMT  \\$a  SE
=LAS  \\$aIPL-CLA$b00$c20221231$lBLL01$h2326

