=LDR  01519cas a22003978i 4500
=001  016600696
=003  Uk
=005  20220309163725.0
=007  ta
=008  140110c20159999enkqr\p\\\\\\\0\\\a0eng\\
=022  0\$a2054-6580$202
=040  \\$aUk$beng$cUk$erda
=222  \0$aInternational journal of family business and regional development$b(Print)
=245  00$aInternational journal of family business and regional development.
=263  \\$a201501
=264  \1$aOlney :$bInderscience Publishers
=310  \\$aQuarterly
=336  \\$atext$2rdacontent
=337  \\$aunmediated$2rdamedia
=338  \\$avolume$2rdacarrier
=540  \\$aCurrent copyright fee: GBP28.00$c48\0$5Uk
=856  \\$31850-9999$uhttp://www.inderscience.com/$xBLDSS
=945  \\$aInternational journal of family business and regional development.
=979  \\$aBritish Library$bDSC$j4542.244875N
=985  \\$aISSN UK Centre: see also online version, ISSN 2054-6599. Please add 776 to both records on completion.
=CAT  \\$a7152$b40$c20140110$lBLL01$h1150
=CAT  \\$a5552$b40$c20191113$lBLL01$h1442
=CAT  \\$aBLDSS-3PM$b00$c20191121$lBLL01$h1516
=CAT  \\$aBATCH-UPD$b00$c20191121$lBLL01$h1516
=CAT  \\$a10973$b40$c20220309$lBLL01$h1637
=CFI  0\$aCurrent copyright fee: GBP28.00$c48\0$e13-nov-2019$fGBP28.00$g0$hP$5Uk
=FFP  \\$aY$bBLDSS-3PM
=FMT  \\$a  SE
=LAS  \\$a10973$b40$c20220309$lBLL01$h1637
=LET  \0$aInternational journal of family business and regional development (Print)
=UNO  \\$aY

