=LDR  00921 as a22003018i 4500
=001  016610467
=003  Uk
=005  20160209155143.0
=006  m\\\\\\\\d\|\\\\\\
=007  cr||||||||||||
=008  140124c20149999enk\x\p\o\\\\\0\\\a0eng\\
=022  0\$a2054-8982$202
=040  \\$aUk$beng$cUk$erda
=222  \0$aOpuscula neotropica$b(Online)
=245  00$aOpuscula neotropica.
=263  \\$a201412
=264  \1$aSherborne :$bD. Hunt
=336  \\$atext$2rdacontent
=337  \\$acomputer$2rdamedia
=338  \\$aonline resource$2rdacarrier
=985  \\$aPlease add 776 link to print version (ISSN 2054-8974) when completed
=CAT  \\$a11313$b40$c20140124$lBLL01$h1528
=CAT  \\$a11130$b40$c20140708$lBLL01$h1441
=CAT  \\$a10806$b40$c20160209$lBLL01$h1532
=CAT  \\$a10806$b40$c20160209$lBLL01$h1551
=FMT  \\$a  SE
=LAS  \\$a10806$b40$c20160209$lBLL01$h1551
=LET  \0$aOpuscula neotropica (Electronic)

