=LDR  01008 as a22003018i 4500
=001  016611410
=003  Uk
=005  20191007105803.0
=007  ta
=008  140128c20149999enkfr\p\\\\\\\0\\\a0eng\\
=022  0\$a2054-9024$202
=040  \\$aUk$beng$cUk$erda
=222  \0$aThinking cities$b(Print)
=245  00$aThinking cities.
=263  \\$a201402
=264  \1$aWallington :$bH3B Media Ltd
=310  \\$aSemiannual
=336  \\$atext$2rdacontent
=337  \\$aunmediated$2rdamedia
=338  \\$avolume$2rdacarrier
=985  \\$aPlease link to ISSN 2054-9032 (Online) on completion.
=985  \\$aHas sister title: Thinking highways (two regional editions, Europe/Rest of the world ed. and North American ed.). Consider 787 link(s) on completion (Richard, 28/01/14)
=CAT  \\$a10806$b40$c20140128$lBLL01$h0904
=CAT  \\$a10806$b40$c20140128$lBLL01$h0917
=CAT  \\$a10806$b40$c20191007$lBLL01$h1058
=FMT  \\$a  SE
=LAS  \\$a10806$b40$c20191007$lBLL01$h1058
=LET  \0$aThinking cities (Print)

