=LDR  00855 as a22002778i 4500
=001  016633953
=003  Uk
=005  20161025113234.0
=007  ta
=008  140221c20159999enkfr\p\\\\\\\0\\\a0eng\\
=022  0\$a2055-1134$202
=040  \\$aUk$beng$cUk$erda
=222  \0$aLanguage and psychoanalysis$b(Print)
=245  00$aLanguage and psychoanalysis
=263  \\$a201801
=264  \1$aPreston :$bL.A. Cariola
=310  \\$aSemiannual
=336  \\$atext$2rdacontent
=337  \\$aunmediated$2rdamedia
=338  \\$avolume$2rdacarrier
=985  \\$aISSN note: online version already in existence (Aleph no. 015976540). Please add 776 fields on completion.
=CAT  \\$a11315$b40$c20140221$lBLL01$h1039
=CAT  \\$a11130$b40$c20140718$lBLL01$h0816
=CAT  \\$a10806$b40$c20161025$lBLL01$h1132
=FMT  \\$a  SE
=LAS  \\$a10806$b40$c20161025$lBLL01$h1132

