=LDR  00856 as a22002538i 4500
=001  016637942
=003  Uk
=005  20140228114956.0
=007  ta
=008  140228c20149999enkbr\p\\\\\\\0\\\a0eng\\
=022  0\$a2055-0251$202
=040  \\$aUk$beng$cUk$erda
=222  \0$aTathaastu UK, so be it
=245  00$aTathaastu UK, so be it.
=263  \\$a201403
=264  \1$aUxbridge :$bHealing Life UK Limited
=310  \\$aBimonthly
=336  \\$atext$2rdacontent
=337  \\$aunmediated$2rdamedia
=338  \\$avolume$2rdacarrier
=985  \\$aIs UK 'edition' of an already published US title (ISSN 1937-4917). Publisher states will have 'UK' in title, and a UK publisher name and address. See email correspondence in pending file. SB, ISSN UK Centre 28.2.14
=CAT  \\$a7152$b40$c20140228$lBLL01$h1149
=FMT  \\$a  SE
=LAS  \\$a7152$b40$c20140228$lBLL01$h1149

