=LDR  00963 as a22003018i 4500
=001  016641492
=003  Uk
=005  20141216144835.0
=006  m\\\\\\\\d\|\\\\\\
=007  cr||||||||||||
=008  140303c20149999enkfr\p\o\\\\\0\\\a0eng\\
=022  0\$a2055-1614$202
=040  \\$aUk$beng$cUk$erda
=222  \0$aBright light$b(Online)
=245  00$aBright light.
=263  \\$a201405
=264  \1$aLondon :$bCCW Graduate School, University of the Arts London
=310  \\$aSemiannual
=336  \\$atext$2rdacontent
=337  \\$acomputer$2rdamedia
=338  \\$aonline resource$2rdacarrier
=985  \\$aISSN UK Centre note: Online version of ISSN 2055-1606. Please add 776 fields when completing. ISSN UK, 16.12.2014.
=CAT  \\$a11313$b40$c20140303$lBLL01$h1432
=CAT  \\$a8124$b40$c20140925$lBLL01$h0732
=CAT  \\$a11313$b40$c20141216$lBLL01$h1448
=FMT  \\$a  SE
=LAS  \\$a11313$b40$c20141216$lBLL01$h1448
=LET  \0$aBright light (Electronic)

