=LDR  01553 as a22004458i 4500
=001  016648024
=003  Uk
=005  20170601134515.0
=007  ta
=008  140310c20159999enkqr\p\\\\\\\0\\\a0eng\\
=022  0\$a2055-1703$202
=040  \\$aUk$beng$cUk$erda
=222  \0$aEuroMed journal of management$b(Print)
=245  00$aEuroMed journal of management.
=263  \\$a201506
=264  \1$aOlney :$bInderscience Publishers
=310  \\$aQuarterly
=336  \\$atext$2rdacontent
=337  \\$aunmediated$2rdamedia
=338  \\$avolume$2rdacarrier
=540  \\$aCurrent copyright fee: GBP28.00$c48\0$5Uk
=856  \\$31850-9999$uhttp://www.inderscience.com/$xBLDSS
=945  \\$aEuroMed journal of management.
=979  \\$aBritish Library$bDSC$j3829.275400N
=985  \\$aPlease add reciprocal 776 link to online version (ISSN 2055-1711) on completion
=CAT  \\$a11313$b40$c20140310$lBLL01$h0939
=CAT  \\$a8124$b40$c20151028$lBLL01$h0810
=CAT  \\$a5552$b40$c20160216$lBLL01$h0909
=CAT  \\$aBLDSS-3PM$b00$c20160225$lBLL01$h1643
=CAT  \\$aBATCH-UPD$b00$c20160413$lBLL01$h1827
=CAT  \\$aBATCH-UPD$b00$c20160524$lBLL01$h2255
=CAT  \\$aBATCH-UPD$b00$c20160525$lBLL01$h0622
=CAT  \\$a5552$b40$c20170523$lBLL01$h1231
=CAT  \\$a5410$b40$c20170601$lBLL01$h1345
=CFI  0\$aCurrent copyright fee: GBP28.00$c48\0$e16-feb-2016$fGBP28.00$g0$hP$5Uk
=FFP  \\$aY$bBLDSS-3PM
=FMT  \\$a  SE
=LAS  \\$a5410$b40$c20170601$lBLL01$h1345
=LET  \0$aEuroMed journal of management (Print)
=UNO  \\$aY

