=LDR  01115 as a22003138i 4500
=001  016652631
=003  Uk
=005  20160106163421.0
=006  m\\\\\\\\d\|\\\\\\
=007  cr||||||||||||
=008  140314c20149999enkar\p\o\\\\\0\\\a0eng\\
=022  0\$a2055-2130$202
=040  \\$aUk$beng$cUk$erda
=222  \0$aWorcester papers$b(Online)
=245  00$aWorcester papers.
=263  \\$a201412
=264  \1$aWorcester :$bInstitute of Humanities & Creative Arts, University of Worcester
=310  \\$aAnnual
=336  \\$atext$2rdacontent
=337  \\$acomputer$2rdamedia
=338  \\$aonline resource$2rdacarrier
=985  \\$aISSN UK Centre note: C/T from ISSN 1749-1169. Please add 78X and LKR fields when completing. ISSN UK, 14.03.2014.
=985  \\$aISSN UK Centre note: See also print version (ISSN 2055-2122) ; please add 776 to both records when completing.
=CAT  \\$a11313$b40$c20140314$lBLL01$h1438
=CAT  \\$a11130$b40$c20140909$lBLL01$h1432
=CAT  \\$a10973$b40$c20160106$lBLL01$h1634
=FMT  \\$a  SE
=LAS  \\$a10973$b40$c20160106$lBLL01$h1634
=LET  \0$aWorcester papers (Electronic)

