=LDR  00963 as a22003138i 4500
=001  016653632
=003  Uk
=005  20160205141102.0
=006  m\\\\\\\\d\|\\\\\\
=007  cr||||||||||||
=008  140317c20169999enkar\p\o\\\\\0\\\a0eng\\
=022  0\$a2055-2211$202
=040  \\$aUk$beng$cUk$erda
=222  \4$aThe arrow maker$b(Online)
=245  04$aThe arrow maker.
=263  \\$a201606
=264  \1$aLondon :$b8fold
=310  \\$aAnnual
=336  \\$atext$2rdacontent
=337  \\$acomputer$2rdamedia
=338  \\$aonline resource$2rdacarrier
=985  \\$aISSN UK Centre note: See ISSN 2055-2203 for print version. Please add 776 to both records on completion.
=CAT  \\$a10973$b40$c20140317$lBLL01$h1549
=CAT  \\$a11130$b40$c20141104$lBLL01$h0901
=CAT  \\$a10973$b40$c20160111$lBLL01$h1701
=CAT  \\$a11130$b40$c20160205$lBLL01$h1411
=FMT  \\$a  SE
=LAS  \\$a11130$b40$c20160205$lBLL01$h1411
=LET  \4$aThe arrow maker (Electronic)

