=LDR  00953 as a22002898i 4500
=001  016661922
=003  Uk
=005  20140401092549.0
=006  m\\\\\\\\d\|\\\\\\
=007  cr||||||||||||
=008  140401c20149999enktr\m\o\\\\\0\\\a0eng\\
=022  0\$a2055-3730$202
=040  \\$aUk$beng$cUk$erda
=222  \0$aVon Hugel Institute working paper$b(Online)
=245  00$aVon Hugel Institute working paper.
=246  3\$aVHI working paper
=263  \\$a201405
=264  \1$aCambridge :$bVon Hugel Institute
=310  \\$aThree issues yearly
=336  \\$atext$2rdacontent
=337  \\$acomputer$2rdamedia
=338  \\$aonline resource$2rdacarrier
=985  \\$aISSN UK Centre note: see also print version, ISSN 2055-3722. Add 776 fields when completing. ISSN UK, April 1 2014.
=CAT  \\$a11313$b40$c20140401$lBLL01$h0925
=FMT  \\$a  SE
=LAS  \\$a11313$b40$c20140401$lBLL01$h0925
=LET  \0$aVon Hugel Institute working paper (Electronic)

