=LDR  00742 as a22002538i 4500
=001  016691329
=003  Uk
=005  20140417134457.0
=007  ta
=008  140417c20149999enkcr\p\\\\\\\0\\\a0eng\\
=022  0\$a2055-5407$202
=040  \\$aUk$beng$cUk$erda
=222  \0$aBargain pages$b(South West ed.)
=245  00$aBargain pages.
=263  \\$a201404
=264  \1$aLondon :$bLoot Ltd
=310  \\$aSemiweekly
=336  \\$atext$2rdacontent
=337  \\$aunmediated$2rdamedia
=338  \\$avolume$2rdacarrier
=985  \\$aISSN UK Centre note: C/T from ISSN 2054-2801 - please add 78X and LKR fields when completing. ISSN UK, 17.04.2014.
=CAT  \\$a11313$b40$c20140417$lBLL01$h1344
=FMT  \\$a  SE
=LAS  \\$a11313$b40$c20140417$lBLL01$h1344

