=LDR  00969 as a22003018i 4500
=001  016692828
=003  Uk
=005  20160222091946.0
=006  m\\\\\\\\d\|\\\\\\
=007  cr||||||||||||
=008  140424c20149999enkqr\p\o\\\\\0\\\a0eng\\
=022  0\$a2055-6306$202
=040  \\$aUk$beng$cUk$erda
=222  \0$aDiplomacy, business and development$b(Online)
=245  00$aDiplomacy, business and development.
=263  \\$a201407
=264  \1$aLondon :$bLondon Academy of Diplomacy
=310  \\$aQuarterly
=336  \\$atext$2rdacontent
=337  \\$acomputer$2rdamedia
=338  \\$aonline resource$2rdacarrier
=985  \\$aPlease add reciprocal 776 to print version (ISSN 2055-6292) on completion.
=CAT  \\$a11313$b40$c20140424$lBLL01$h1353
=CAT  \\$a11205$b40$c20151218$lBLL01$h1534
=CAT  \\$a11313$b40$c20160222$lBLL01$h0919
=FMT  \\$a  SE
=LAS  \\$a11313$b40$c20160222$lBLL01$h0919
=LET  \0$aDiplomacy, business and development (Electronic)

