=LDR  00835 as a22002658i 4500
=001  016696363
=003  Uk
=005  20140428102907.0
=007  ta
=008  140428c20149999enkar\p\\\\\\\0\\\a0eng\\
=022  0\$a2055-6322$202
=040  \\$aUk$beng$cUk$erda
=222  \0$aWorld economic review$b(Qualify. Print)
=245  00$aWorld economic review.
=263  \\$a201501
=264  \1$aRickmansworth :$bCollege Publications
=310  \\$aAnnual
=336  \\$atext$2rdacontent
=337  \\$aunmediated$2rdamedia
=338  \\$avolume$2rdacarrier
=985  \\$aISSN UK Centre note: See also online version (ISSN 2049-3517), please add 776 links to both records when completing print version.
=CAT  \\$a10973$b40$c20140428$lBLL01$h1029
=FMT  \\$a  SE
=LAS  \\$a10973$b40$c20140428$lBLL01$h1029
=LET  \0$aWorld economic review (Print)

