=LDR  00807 as a22002778i 4500
=001  016728569
=003  Uk
=005  20150826132452.0
=007  ta
=008  140528c20149999nikqr\p\\\\\\\0\\\a0eng\\
=022  0\$a2055-740X$202
=040  \\$aUk$beng$cUk$erda
=222  \0$aUlster ink$b(Print)
=245  00$aUlster ink.
=263  \\$a201406
=264  \1$aBelfast :$bLamb Promotions Ltd.
=310  \\$aQuarterly
=336  \\$atext$2rdacontent
=337  \\$aunmediated$2rdamedia
=338  \\$avolume$2rdacarrier
=985  \\$aISSN note: please add 776 fields to print and online records when print record completed. 26.08.15
=CAT  \\$a10806$b40$c20140528$lBLL01$h1457
=CAT  \\$a11315$b40$c20150826$lBLL01$h1324
=FMT  \\$a  SE
=LAS  \\$a11315$b40$c20150826$lBLL01$h1324
=LET  \0$aUlster ink (Print)

