=LDR  02088cas a22005297i 4500
=001  016735410
=003  Uk
=005  20230210011200.0
=007  ta
=008  140604c20159999pauqr\p\\\\\\\0\\\a0eng\\
=022  \\$a2056-2799
=040  \\$aUk$beng$cUk$erda
=222  \0$aPapers in palaeontology$b(Print)
=245  00$aPapers in palaeontology.
=264  \1$aHanover, PA :$bJohn Wiley & Sons Inc.
=310  \\$aQuarterly
=336  \\$atext$2rdacontent
=337  \\$aunmediated$2rdamedia
=338  \\$avolume$2rdacarrier
=540  \\$aCurrent Copyright Fee: GBP28.00$c0$5Uk
=985  \\$aISSN suppressed 07.07.15 Not published in print. Unsuppressed and passed to U.S. ISSN Center 15/04/19.
=985  \\$aPlease do not merge this record
=ACF  \\$aPrevious Copyright Fee: GBP32.31$c0$e01-apr-2020$fGBP32.31$g0$hC$5Uk
=ACF  \\$aPrevious Copyright Fee: GBP33.60$c0$e01-jul-2020$fGBP33.60$g0$hC$5Uk
=ACF  \\$aPrevious Copyright Fee: GBP28.00$c0$e01-oct-2020$fGBP28.00$g0$hC$5Uk
=CAT  \\$a11313$b40$c20140604$lBLL01$h1602
=CAT  \\$a10806$b40$c20150305$lBLL01$h1528
=CAT  \\$a10806$b40$c20150306$lBLL01$h0829
=CAT  \\$a10806$b40$c20150707$lBLL01$h1204
=CAT  \\$a10806$b40$c20190402$lBLL01$h0914
=CAT  \\$a10806$b40$c20190415$lBLL01$h0931
=CAT  \\$a10806$b40$c20190415$lBLL01$h1000
=CAT  \\$aBATCH-CLA$b00$c20200228$lBLL01$h1637
=CAT  \\$aIPL-CLA$c20200331$lBLL01$h1631
=CAT  \\$aBATCH-CLA$b00$c20200529$lBLL01$h1536
=CAT  \\$aIPL-CLA$c20200701$lBLL01$h0116
=CAT  \\$aBATCH-CLA$b00$c20200903$lBLL01$h1620
=CAT  \\$aIPL-CLA$c20200930$lBLL01$h1646
=CAT  \\$aBATCH-CLA$b00$c20221130$lBLL01$h1454
=CAT  \\$aIPL-CLA$c20221231$lBLL01$h2328
=CAT  \\$aBATCH-CLA$b00$c20230209$lBLL01$h1541
=CAT  \\$aIPL-CLA$c20230210$lBLL01$h0112
=CFI  0\$aCurrent Copyright Fee: GBP28.00$c0$e09-feb-2023$fGBP28.00$g0$hC$5Uk
=CFI  2\$aBritish Library not licensed to copy$c0$e01-jan-2023$hC$iCFP Excluded$5Uk
=FIN  \\$aY$d20190415
=FMT  \\$a  SE
=LAS  \\$aIPL-CLA$b00$c20230210$lBLL01$h0112

