=LDR  00802 as a22002538i 4500
=001  016766328
=003  Uk
=005  20140704135731.0
=007  ta
=008  140704c20109999niker\p\\\\\\\0\\\a0eng\\
=022  0\$a2056-4600$202
=040  \\$aUk$beng$cUk$erda
=222  \0$aOmagh today
=245  00$aOmagh today.
=263  \\$a201012
=264  \1$aBeragh, Tyrone :$bOmagh Today Ltd
=310  \\$aFortnightly
=336  \\$atext$2rdacontent
=337  \\$aunmediated$2rdamedia
=338  \\$avolume$2rdacarrier
=985  \\$aISSN UK: pre-pub assigned on basis of PDF of issue 91 (26th June 2014), viewed via Voltage SecureMail, 04/07/14 (Richard). Please complete record when first print copy is received.
=CAT  \\$a10806$b40$c20140704$lBLL01$h1357
=FMT  \\$a  SE
=LAS  \\$a10806$b40$c20140704$lBLL01$h1357

