=LDR  02039cas a22004938i 4500
=001  016818664
=003  Uk
=005  20230210011206.0
=007  ta
=008  140808c20159999enkmx\\\\\\\\\0\\\a0eng\\
=022  0\$a2056-6174
=040  \\$aUk$beng$cUk$erda
=222  \0$aThemes in contemporary archaeology$b(Print)
=245  00$aThemes in contemporary archaeology.
=263  \\$a201501
=264  \1$aLeeds :$bManey Publishing
=310  \\$aTen issues yearly
=336  \\$atext$2rdacontent
=337  \\$aunmediated$2rdamedia
=338  \\$avolume$2rdacarrier
=540  \\$aCurrent Copyright Fee: GBP45.00$c0$5Uk
=776  08$iAlso issued online as:$tThemes in contemporary archaeology$x2057-1011
=985  \\$aISSN UK Centre note: transferred to US Center (multinational publisher - Maney=T&F). US Center accepted provisional records. 23.1.19 (DLW).
=ACF  \\$aPrevious Copyright Fee: GBP22.00$c0$e01-jan-2015$fGBP22.00$g0$hC$5Uk
=ACF  \\$aPrevious Copyright Fee: GBP25.00$c0$e01-jan-2016$fGBP25.00$g0$hC$5Uk
=ACF  \\$aPrevious Copyright Fee: GBP45.00$c0$e01-apr-2021$fGBP45.00$g0$hC$5Uk
=CAT  \\$a11313$b40$c20140808$lBLL01$h1121
=CAT  \\$a11313$b40$c20141020$lBLL01$h1345
=CAT  \\$aBATCH-CLA$b00$c20141128$lBLL01$h0929
=CAT  \\$aIPL-CLA$c20141231$lBLL01$h1705
=CAT  \\$aBATCH-CLA$b00$c20151127$lBLL01$h1630
=CAT  \\$aIPL-CLA$c20151231$lBLL01$h1936
=CAT  \\$a10973$b40$c20190123$lBLL01$h1135
=CAT  \\$aBATCH-CLA$b00$c20210227$lBLL01$h1014
=CAT  \\$aIPL-CLA$c20210331$lBLL01$h1902
=CAT  \\$aBATCH-CLA$b00$c20221130$lBLL01$h1453
=CAT  \\$aIPL-CLA$c20221231$lBLL01$h2329
=CAT  \\$aBATCH-CLA$b00$c20230209$lBLL01$h1540
=CAT  \\$aIPL-CLA$c20230210$lBLL01$h0112
=CFI  0\$aCurrent Copyright Fee: GBP45.00$c0$e09-feb-2023$fGBP45.00$g0$hC$5Uk
=CFI  2\$aBritish Library not licensed to copy$c0$e01-jan-2023$hC$iCFP Excluded$5Uk
=FMT  \\$a  SE
=LAS  \\$aIPL-CLA$b00$c20230210$lBLL01$h0112
=LET  \0$aThemes in contemporary archaeology (Print)

