=LDR  00795 as a22002538i 4500
=001  016824771
=003  Uk
=005  20140814101920.0
=007  ta
=008  140814c20149999enkdn\p\\\\\\\0\\\a0eng\\
=022  0\$a2056-6565$202
=040  \\$aUk$beng$cUk$erda
=222  \0$aRoyston news
=245  00$aRoyston news
=263  \\$a201409
=264  \1$aCambridge :$bCambridge News
=310  \\$aFive issues a week
=336  \\$atext$2rdacontent
=337  \\$aunmediated$2rdamedia
=338  \\$avolume$2rdacarrier
=985  \\$aISSN note: email from publisher to confirm that this is a C/T from 'Royston weekly news', ISSN 1477-3252, Aleph no. 012088658. Please add 78X and LKR fields on completion.
=CAT  \\$a11315$b40$c20140814$lBLL01$h1019
=FMT  \\$a  SE
=LAS  \\$a11315$b40$c20140814$lBLL01$h1019

