=LDR  00832 as a22002778i 4500
=001  016860652
=003  Uk
=005  20181207104822.0
=007  ta
=008  140905c20149999enkbr\p\\\\\\\0\\\a0eng\\
=022  0\$a2056-8886$202
=040  \\$aUk$beng$cUk$erda
=222  \0$aTrendsetUK magazine$b(Print)
=245  00$aTrendsetUK magazine
=263  \\$a201408
=264  \1$aLondon :$bTrendset Global
=310  \\$aBimonthly
=336  \\$atext$2rdacontent
=337  \\$aunmediated$2rdamedia
=338  \\$avolume$2rdacarrier
=985  \\$aISSN UK Centre: see also online version (ISSN 2056-8894), please add 776 to both records on completion.
=CAT  \\$a11315$b40$c20140905$lBLL01$h1140
=CAT  \\$a10973$b40$c20181207$lBLL01$h1048
=FMT  \\$a  SE
=LAS  \\$a10973$b40$c20181207$lBLL01$h1048
=LET  \0$aTrendsetUK magazine (Print)

