=LDR  00889 as a22002898i 4500
=001  016861889
=003  Uk
=005  20150528112114.0
=006  m\\\\\\\\d\|\\\\\\
=007  cr||||||||||||
=008  140908c20159999enkbr\p\o\\\\\0\\\a0eng\\
=022  0\$a2056-8665$202
=040  \\$aUk$beng$cUk$erda
=222  \0$aWhy it matters$b(Online)
=245  00$aWhy it matters.
=263  \\$a201504
=264  \1$aLondon :$bPinter & Martin Ltd
=310  \\$aBimonthly
=336  \\$atext$2rdacontent
=337  \\$acomputer$2rdamedia
=338  \\$aonline resource$2rdacarrier
=985  \\$aISSN UK Centre note: See also print version (ISSN 2056-8657). Please add 776 fields to both records on completion.
=CAT  \\$a11313$b40$c20140908$lBLL01$h1428
=CAT  \\$a10973$b40$c20150528$lBLL01$h1121
=FMT  \\$a  SE
=LAS  \\$a10973$b40$c20150528$lBLL01$h1121
=LET  \0$aWhy it matters (Electronic)

