=LDR  00978 as a22002778i 4500
=001  016864872
=003  Uk
=005  20140910085209.0
=007  ta
=008  140910c20159999enkbr\p\\\\\\\0\\\a0eng\\
=022  0\$a2056-8703$202
=040  \\$aUk$beng$cUk$erda
=222  \0$aJournal of care and nursing home leadership$b(Print)
=245  00$aJournal of care and nursing home leadership.
=263  \\$a201501
=264  \1$aPortsmouth :$bPH Education Publishing Ltd
=310  \\$aBimonthly
=336  \\$atext$2rdacontent
=337  \\$aunmediated$2rdamedia
=338  \\$avolume$2rdacarrier
=776  08$iAlso issued online as:$tJournal of care and nursing home leadership$x2056-8711
=985  \\$aISSN UK Centre note: C/T from ISSN 1757-7845 - please add 78X and LKR fields when completing. ISSN UK, 10.09.2014.
=CAT  \\$a11313$b40$c20140910$lBLL01$h0852
=FMT  \\$a  SE
=LAS  \\$a11313$b40$c20140910$lBLL01$h0852
=LET  \0$aJournal of care and nursing home leadership (Print)

