=LDR  01036 as a22002898i 4500
=001  016864877
=003  Uk
=005  20140910085512.0
=006  m\\\\\\\\d\|\\\\\\
=007  cr||||||||||||
=008  140910c20159999enkbr\p\o\\\\\0\\\a0eng\\
=022  0\$a2056-8711$202
=040  \\$aUk$beng$cUk$erda
=222  \0$aJournal of care and nursing home leadership$b(Online)
=245  00$aJournal of care and nursing home leadership.
=263  \\$a201501
=264  \1$aPortsmouth :$bPH Education Publishing Ltd
=310  \\$aBimonthly
=336  \\$atext$2rdacontent
=337  \\$acomputer$2rdamedia
=338  \\$aonline resource$2rdacarrier
=776  08$iAlso issued in print as:$tJournal of care and nursing home leadership$x2056-8703
=985  \\$aISSN UK Centre note: C/T from ISSN 2050-9561 - please add 78X and LKR fields when completing. ISSN UK, 10.09.2014.
=CAT  \\$a11313$b40$c20140910$lBLL01$h0855
=FMT  \\$a  SE
=LAS  \\$a11313$b40$c20140910$lBLL01$h0855
=LET  \0$aJournal of care and nursing home leadership (Electronic)

