=LDR  00921 as a22002898i 4500
=001  016865538
=003  Uk
=005  20141118082754.0
=007  ta
=008  140911c20149999enk\x\n\\\\\\\0\\\a0eng\\
=022  0\$a2056-7138$202
=040  \\$aUk$beng$cUk$erda
=222  \0$aScottish daily mail$b(Special late ed.)
=245  00$aScottish daily mail.
=250  \\$aSpecial late edition
=263  \\$a201409
=264  \1$aLondon :$bAssociated Newspapers
=310  \\$aIrregular
=336  \\$atext$2rdacontent
=337  \\$aunmediated$2rdamedia
=338  \\$avolume$2rdacarrier
=985  \\$a'Special late ed.' of Scottish daily mail ISSN 1358-3654. See pending file for correspondence with publisher. ISSN UK Centre.
=CAT  \\$a7152$b40$c20140911$lBLL01$h1059
=CAT  \\$a10806$b40$c20141118$lBLL01$h0827
=FMT  \\$a  SE
=LAS  \\$a10806$b40$c20141118$lBLL01$h0827
=LET  \0$aScottish daily mail special late edition

