=LDR  01468cas a22004098i 4500
=001  016869984
=003  Uk
=005  20220225153836.0
=007  ta
=008  140917c20169999enkqr\p\\\\\\\0\\\a0eng\\
=022  0\$a2056-9491$202
=040  \\$aUk$beng$cUk$erda
=222  \0$aInternational journal of healthcare policy$b(Print)
=245  00$aInternational journal of healthcare policy.
=263  \\$a201601
=264  \1$aOlney :$bInderscience Publishers
=310  \\$aQuarterly
=336  \\$atext$2rdacontent
=337  \\$aunmediated$2rdamedia
=338  \\$avolume$2rdacarrier
=540  \\$aCurrent copyright fee: GBP28.00$c48\0$5Uk
=856  \\$31850-9999$uhttp://www.inderscience.com/$xBLDSS
=979  \\$aBritish Library$bDSC$j4542.278400N
=985  \\$aISSN UK Centre: see also online version, ISSN 2056-9505, please add 776 to both records on completion.
=CAT  \\$a11313$b40$c20140917$lBLL01$h1300
=CAT  \\$a12654$b40$c20191023$lBLL01$h0804
=CAT  \\$a12654$b40$c20191023$lBLL01$h0806
=CAT  \\$aBATCH-UNOA$c20191023$lBLL01$h1827
=CAT  \\$aBLDSS-3PM$b00$c20191101$lBLL01$h1056
=CAT  \\$aBATCH-UPD$b00$c20191101$lBLL01$h1057
=CAT  \\$a10973$b40$c20220225$lBLL01$h1538
=CFI  0\$aCurrent copyright fee: GBP28.00$c48\0$e23-oct-2019$fGBP28.00$g0$hP$5Uk
=FFP  \\$aY$bBLDSS-3PM
=FMT  \\$a  SE
=LAS  \\$a10973$b40$c20220225$lBLL01$h1538
=LET  \0$aInternational journal of healthcare policy (Print)
=UNO  \\$aY

