=LDR  01005 as a22003258i 4500
=001  016870596
=003  Uk
=005  20210309093016.0
=007  ta
=008  140918c20159999enkqr\m\\\\\\\0\\\a0eng\\
=022  0\$a2056-9629$202
=040  \\$aUk$beng$cUk$erda
=222  \0$aCrime uncovered$b(Print)
=245  00$aCrime uncovered.
=246  13$aCrime uncovered series
=263  \\$a201509
=264  \1$aBristol :$bIntellect Ltd
=310  \\$aQuarterly
=336  \\$atext$2rdacontent
=337  \\$aunmediated$2rdamedia
=338  \\$avolume$2rdacarrier
=985  \\$aISSN UK Centre: see also online version, ISSN 2056-9637. Please add 776 to both records on completion.
=CAT  \\$a11313$b40$c20140918$lBLL01$h1534
=CAT  \\$a10973$b40$c20210309$lBLL01$h0917
=CAT  \\$a10973$b40$c20210309$lBLL01$h0926
=CAT  \\$a10973$b40$c20210309$lBLL01$h0929
=CAT  \\$a10973$b40$c20210309$lBLL01$h0930
=FMT  \\$a  SE
=LAS  \\$a10973$b40$c20210309$lBLL01$h0930
=LET  \0$aCrime uncovered (Print)

