=LDR  00849 as a22002898i 4500
=001  016892489
=003  Uk
=005  20210311102412.0
=007  ta
=008  141015c20149999enkbr\p\\\\\\\0\\\a0eng\\
=022  0\$a2056-7286$202
=040  \\$aUk$beng$cUk$erda
=222  \0$aRC flight camera action$b(Print)
=245  00$aRC flight camera action.
=246  1\$aRadio control flight camera action
=263  \\$a201412
=264  \1$aMalvern :$bTraplet Publications
=310  \\$aBimonthly
=336  \\$atext$2rdacontent
=337  \\$aunmediated$2rdamedia
=338  \\$avolume$2rdacarrier
=985  \\$aPlease link to online ISSN 2056-7294 on completion.
=CAT  \\$a7152$b40$c20141015$lBLL01$h1058
=CAT  \\$a10806$b40$c20210311$lBLL01$h1024
=FMT  \\$a  SE
=LAS  \\$a10806$b40$c20210311$lBLL01$h1024
=LET  \0$aRC flight camera action (Print)

