=LDR  01111 as a22003138i 4500
=001  016896727
=003  Uk
=005  20190123113649.0
=006  m\\\\\\\\d\|\\\\\\
=007  cr||||||||||||
=008  141020c20159999enkmx\\\o\\\\\0\\\a0eng\\
=022  0\$a2057-1011
=040  \\$aUk$beng$cUk$erda
=222  \0$aThemes in contemporary archaeology$b(Online)
=245  00$aThemes in contemporary archaeology.
=263  \\$a201501
=264  \1$aLeeds :$bManey Publishing
=310  \\$aTen issues yearly
=336  \\$atext$2rdacontent
=337  \\$acomputer$2rdamedia
=338  \\$aonline resource$2rdacarrier
=776  08$iAlso issued in print as:$tThemes in contemporary archaeology$x2056-6174
=985  \\$aISSN UK Centre note: transferred to US Center (multinational publisher - Maney=T&F). US Center accepted provisional records. 23.1.19 (DLW).
=CAT  \\$a11313$b40$c20141020$lBLL01$h1333
=CAT  \\$a10973$b40$c20190123$lBLL01$h1135
=CAT  \\$a10973$b40$c20190123$lBLL01$h1136
=FMT  \\$a  SE
=LAS  \\$a10973$b40$c20190123$lBLL01$h1136
=LET  \0$aThemes in contemporary archaeology (Electronic)

