=LDR  00858 as a22002658i 4500
=001  016917624
=003  Uk
=005  20201015133229.0
=007  ta
=008  141029c20159999enkwr\p\\\\\\\0\\\a0eng\\
=022  0\$a2057-2158$202
=040  \\$aUk$beng$cUk$erda
=222  \0$aMake it$b(Qualify)
=245  00$aMake it
=263  \\$a201503
=264  \1$aLondon :$bHachette Partworks
=310  \\$aWeekly
=336  \\$atext$2rdacontent
=337  \\$aunmediated$2rdamedia
=338  \\$avolume$2rdacarrier
=985  \\$aISSN UK Centre: publisher confirms this was released as a 4 issue test collection but not launched nationally. Issues currently inaccessible due to Covid but will supply when able (DLW 15/10/20).
=CAT  \\$a11315$b40$c20141029$lBLL01$h1010
=CAT  \\$a10973$b40$c20201015$lBLL01$h1332
=FMT  \\$a  SE
=LAS  \\$a10973$b40$c20201015$lBLL01$h1332

