=LDR  00924 as a22002898i 4500
=001  016930738
=003  Uk
=005  20160527104537.0
=007  ta
=008  141104c20169999enktr\p\\\\\\\0\\\a0eng\\
=022  0\$a2057-2042$202
=040  \\$aUk$beng$cUk$erda
=222  \0$aJournal of intercultural inquiry$b(Print)
=245  00$aJournal of intercultural inquiry.
=263  \\$a201607
=264  \1$aSunderland :$bDepartment of Culture, University of Sunderland
=310  \\$aThree issues yearly
=336  \\$atext$2rdacontent
=337  \\$aunmediated$2rdamedia
=338  \\$avolume$2rdacarrier
=985  \\$aPlease link to online version on completion (ISSN 2057-2050)
=CAT  \\$a11313$b40$c20141104$lBLL01$h1037
=CAT  \\$a11130$b40$c20160218$lBLL01$h1734
=CAT  \\$a10806$b40$c20160527$lBLL01$h1045
=FMT  \\$a  SE
=LAS  \\$a10806$b40$c20160527$lBLL01$h1045
=LET  \0$aJournal of intercultural inquiry (Print)

