=LDR  02652cas a22006498i 4500
=001  016942963
=003  Uk
=005  20230426111106.0
=007  ta
=008  141113c20169999xxuqr\p\\\\\\\0\\\a0eng\\
=022  0\$a2057-3170$202
=040  \\$aUk$beng$cUk$erda
=222  \0$aJournal of global security studies$b(Print)
=245  00$aJournal of global security studies.
=263  \\$a201606
=264  \1$aCary, North Carolina :$bOxford University Press
=310  \\$aQuarterly
=336  \\$atext$2rdacontent
=337  \\$aunmediated$2rdamedia
=338  \\$avolume$2rdacarrier
=540  \\$aCurrent Copyright Fee: GBP33.00$c29\0$5Uk
=856  \\$31850-9999$uhttp://www.oxfordjournals.org/$xBLDSS
=945  \\$aJournal of global security studies.
=979  \\$aBritish Library$cDSC$j4996.323000N
=985  \\$aPlease add link to online version when complete (ISSN 2057-3189)
=ACF  \\$aPrevious copyright fee: GBP24.00$c29\0$e19-nov-2016$fGBP24.00$g0$hP$5Uk
=ACF  \\$aPrevious copyright fee: GBP26.00$c29\0$e01-jan-2017$fGBP26.00$g0$hP$5Uk
=ACF  \\$aPrevious copyright fee: GBP27.00$c29\0$e01-jan-2018$fGBP27.00$g0$hP$5Uk
=ACF  \\$aPrevious copyright fee: GBP28.00$c29\0$e01-jan-2019$fGBP28.00$g0$hP$5Uk
=ACF  \\$aPrevious Copyright Fee: GBP20.00$c29\0$e01-jan-2020$fGBP20.00$g0$hP$5Uk
=CAT  \\$a11316$b40$c20141113$lBLL01$h1521
=CAT  \\$a10806$b40$c20160714$lBLL01$h1144
=CAT  \\$a5552$b40$c20161116$lBLL01$h1059
=CAT  \\$aBATCH-UPD$b40$c20161122$lBLL01$h1522
=CAT  \\$aBLDSS-3PM$b00$c20161123$lBLL01$h1724
=CAT  \\$aBATCH-UPD$b00$c20161123$lBLL01$h1810
=CAT  \\$aIPL-CLA$c20161231$lBLL01$h0020
=CAT  \\$aBATCH-UPD$b00$c20171121$lBLL01$h1705
=CAT  \\$aIPL-CLA$c20171231$lBLL01$h1827
=CAT  \\$aBATCH-UPD$b00$c20181217$lBLL01$h1653
=CAT  \\$aIPL-CLA$c20181231$lBLL01$h1554
=CAT  \\$aR1911-1518$c20191206$lBLL01$h1418
=CAT  \\$aIPL-CLA$c20191231$lBLL01$h2040
=CAT  \\$aBATCH-UPD$b00$c20220308$lBLL01$h1736
=CAT  \\$aIPL-CLA$c20220331$lBLL01$h2321
=CAT  \\$aS2302-1302$c20230314$lBLL01$h1712
=CAT  \\$aS2302-1302$c20230323$lBLL01$h1443
=CAT  \\$aIPL-CLA$c20230331$lBLL01$h1709
=CAT  \\$aS2304-0519$c20230412$lBLL01$h1141
=CAT  \\$aBATCH-SUPP$c20230426$lBLL01$h1111
=CFI  0\$aCurrent Copyright Fee: GBP33.00$c29\0$e01-apr-2023$fGBP33.00$g0$hP$5Uk
=CFI  2\$aPrevious copyright fee: GBP22.00$c29\0$e01-apr-2022$fGBP22.00$g0$hP$5Uk
=FFP  \\$aY$bBLDSS-3PM
=FMT  \\$a  SE
=LAS  \\$aBATCH-SUPP$b00$c20230426$lBLL01$h1111
=LET  \0$aJournal of global security studies (Print)
=UNO  \\$aY

