=LDR  00870 as a22002898i 4500
=001  016945198
=003  Uk
=005  20141118082750.0
=007  ta
=008  141118c20159999enk\x\n\\\\\\\0\\\a0eng\\
=022  0\$a2057-3677$202
=040  \\$aUk$beng$cUk$erda
=222  \0$aDaily mail$b(Special late ed.)
=245  00$aDaily mail.
=250  \\$aSpecial late edition
=263  \\$a201501
=264  \1$aLondon :$bAssociated Newspapers
=310  \\$aIrregular
=336  \\$atext$2rdacontent
=337  \\$aunmediated$2rdamedia
=338  \\$avolume$2rdacarrier
=985  \\$aSpecial late ed. of Daily mail (ISSN 0307-7578). See pending file for correspondence with publisher.
=CAT  \\$a10806$b40$c20141118$lBLL01$h0826
=CAT  \\$a10806$b40$c20141118$lBLL01$h0827
=FMT  \\$a  SE
=LAS  \\$a10806$b40$c20141118$lBLL01$h0827
=LET  \0$aDaily mail special late edition

