=LDR  00931 as a22003138i 4500
=001  016953463
=003  Uk
=005  20141125105123.0
=006  m\\\\\\\\d\|\\\\\\
=007  cr||||||||||||
=008  141125c20149999enkqr\p\o\\\\\0\\\a0eng\\
=022  0\$a2057-4150$202
=040  \\$aUk$beng$cUk$erda
=222  \0$aCountry risk service. Handbook
=245  00$aCountry risk service.$pHandbook.
=246  30$aHandbook
=246  3\$aCRS handbook
=263  \\$a201411
=264  \1$aLondon :$bEconomist Intelligence Unit
=310  \\$aQuarterly
=336  \\$atext$2rdacontent
=337  \\$acomputer$2rdamedia
=338  \\$aonline resource$2rdacarrier
=985  \\$aISSN UK: Print version ceased 2007 (BIB 7156126, no ISSN assigned)
=CAT  \\$a10806$b40$c20141125$lBLL01$h0936
=CAT  \\$a10806$b40$c20141125$lBLL01$h0939
=CAT  \\$a10806$b40$c20141125$lBLL01$h1051
=FMT  \\$a  SE
=LAS  \\$a10806$b40$c20141125$lBLL01$h1051

