=LDR  01175 as a22003497i 4500
=001  016953617
=003  Uk
=005  20150119084754.0
=006  m\\\\\\\\d\|\\\\\\
=007  cr||||||||||||
=008  141125c20109999nyuar\p\o\\\\\0\\\a0eng\\
=022  0\$a2165-4522
=040  \\$aUk$beng$cUk$erda
=222  \0$aCountry commerce. Panama$b(2010. Online)
=245  00$aCountry commerce.$pPanama.
=246  30$aPanama
=264  \1$aNew York, NY :$bEconomist Intelligence Unit
=310  \\$aAnnual
=336  \\$atext$2rdacontent
=337  \\$acomputer$2rdamedia
=338  \\$aonline resource$2rdacarrier
=710  2\$aEconomist Intelligence Unit (New York, N.Y.)
=776  08$iAlso issued in print as:$tCountry commerce. Panama (2010)$x2165-4514
=780  01$tCountry commerce. Costa Rica, Nicaragua, Panama$x2165-0292
=856  4\$uwww.eiu.com$zTo subscribe
=985  \\$aISSN RDA COMPLETION - TO BE CATALOGUED BY RDA TRAINED CATALOGUERS.
=CAT  \\$a10806$b40$c20141125$lBLL01$h1157
=CAT  \\$a10806$b40$c20150119$lBLL01$h0847
=FIN  \\$aY$d20141125
=FMT  \\$a  SE
=LAS  \\$a10806$b40$c20150119$lBLL01$h0847
=LET  \0$aCountry commerce Panama (Electronic)

