=LDR  00904 as a22002898i 4500
=001  016993608
=003  Uk
=005  20141231085941.0
=007  ta
=008  141231c20159999enkar\p\\\\\\\0\\\a0eng\\
=022  0\$a2057-6633$202
=040  \\$aUk$beng$cUk$erda
=222  \0$aFootnotes$b(Qualify. Print)
=245  00$aFootnotes.
=263  \\$a201501
=264  \1$aCambridge :$bNotes Publication
=310  \\$aAnnual
=336  \\$atext$2rdacontent
=337  \\$aunmediated$2rdamedia
=338  \\$avolume$2rdacarrier
=776  08$iAlso issued online as:$tFootnotes$x2057-6641
=985  \\$aISSN UK Centre note: annual supplement to Notes (print ISSN 2051-4204) - please add 77X fields when completing. ISSN UK, 31.12.2014.
=CAT  \\$a11313$b40$c20141231$lBLL01$h0810
=CAT  \\$a11313$b40$c20141231$lBLL01$h0859
=FMT  \\$a  SE
=LAS  \\$a11313$b40$c20141231$lBLL01$h0859
=LET  \0$aFootnotes (Print)

