=LDR  00950 as a22002898i 4500
=001  016993609
=003  Uk
=005  20141231084258.0
=007  ta
=008  141231c20159999enkar\\\\\\\\\0\\\a0eng\\
=022  0\$a2057-5114$202
=040  \\$aUk$beng$cUk$erda
=222  \0$aNotes$b(Annual compilation. Print)
=245  00$aNotes.
=263  \\$a201501
=264  \1$aCambridge :$bNotes Publication
=310  \\$aAnnual
=336  \\$atext$2rdacontent
=337  \\$aunmediated$2rdamedia
=338  \\$avolume$2rdacarrier
=776  08$iAlso issued online as:$tNotes$c(Annual compilation. Online)$x2057-5122
=985  \\$aISSN UK Centre note: Compilation of 'Notes' Print ISSN 2051-4204 - please add 787 fields when completing. ISSN UK Centre, 31.12.2014.
=CAT  \\$a11313$b40$c20141231$lBLL01$h0840
=CAT  \\$a11313$b40$c20141231$lBLL01$h0842
=FMT  \\$a  SE
=LAS  \\$a11313$b40$c20141231$lBLL01$h0842
=LET  \0$aNotes (Annual compilation. Print)

