=LDR  00959 as a22002898i 4500
=001  016993610
=003  Uk
=005  20141231084254.0
=006  m\\\\\\\\d\|\\\\\\
=007  cr||||||||||||
=008  141231c20159999enkar\\\o\\\\\0\\\a0eng\\
=022  0\$a2057-5122$202
=040  \\$aUk$beng$cUk$erda
=222  \0$aNotes$b(Annual compilation. Online)
=245  00$aNotes.
=263  \\$a201501
=264  \1$aCambridge :$bNotes Publication
=310  \\$aAnnual
=336  \\$atext$2rdacontent
=337  \\$acomputer$2rdamedia
=338  \\$aonline resource$2rdacarrier
=776  08$iAlso issued in print as:$tNotes$c(Annual compilation. Print)$x2057-5114
=985  \\$aISSN UK Centre note: Compilation of 'Notes' Online ISSN 2051-4212 - please add 787 fields when completing. ISSN UK Centre, 31.12.2014.
=CAT  \\$a11313$b40$c20141231$lBLL01$h0842
=FMT  \\$a  SE
=LAS  \\$a11313$b40$c20141231$lBLL01$h0842
=LET  \0$aNotes (Annual compilation. Electronic)

