=LDR  00914 as a22002898i 4500
=001  016993614
=003  Uk
=005  20141231085950.0
=006  m\\\\\\\\d\|\\\\\\
=007  cr||||||||||||
=008  141231c20159999enkar\p\o\\\\\0\\\a0eng\\
=022  0\$a2057-6641$202
=040  \\$aUk$beng$cUk$erda
=222  \0$aFootnotes$b(Qualify. Online)
=245  00$aFootnotes.
=263  \\$a201501
=264  \1$aCambridge :$bNotes Publication
=310  \\$aAnnual
=336  \\$atext$2rdacontent
=337  \\$acomputer$2rdamedia
=338  \\$aonline resource$2rdacarrier
=776  08$iAlso issued in print as:$tFootnotes$x2057-6633
=985  \\$aISSN UK Centre note: annual supplement to Notes (online ISSN 2051-4212) - please add 77X fields when completing. ISSN UK, 31.12.2014.
=CAT  \\$a11313$b40$c20141231$lBLL01$h0859
=FMT  \\$a  SE
=LAS  \\$a11313$b40$c20141231$lBLL01$h0859
=LET  \0$aFootnotes (Electronic)

