=LDR  00768 as a22002658i 4500
=001  017012898
=003  Uk
=005  20150114130309.0
=006  m\\\\\\\\d\|\\\\\\
=007  cr||||||||||||
=008  150114c20159999stkqr\p\o\\\\\0\\\a0eng\\
=022  0\$a2057-8873$202
=040  \\$aUk$beng$cUk$erda
=222  \0$aAbair
=245  00$aAbair.
=263  \\$a201502
=264  \1$aInverness :$bCli Gaidhlig
=310  \\$aQuarterly
=336  \\$atext$2rdacontent
=337  \\$acomputer$2rdamedia
=338  \\$aonline resource$2rdacarrier
=985  \\$aISSN UK Centre note: C/T from ISSN 1351-0479 - please add 78X and LKR fields when completing. ISSN UK, 14.01.2015.
=CAT  \\$a11313$b40$c20150114$lBLL01$h1303
=FMT  \\$a  SE
=LAS  \\$a11313$b40$c20150114$lBLL01$h1303

