=LDR  00773 as a22002538i 4500
=001  017013035
=003  Uk
=005  20150114152634.0
=007  ta
=008  150114c20159999enkfr\p\\\\\\\0\\\a0eng\\
=022  0\$a2057-8938$202
=040  \\$aUk$beng$cUk$erda
=222  \0$aAnother magazine$b(Special ed.)
=245  00$aAnother magazine.
=263  \\$a201503
=264  \1$aLondon :$bAnother Publishing Ltd
=310  \\$aSemiannual
=336  \\$atext$2rdacontent
=337  \\$aunmediated$2rdamedia
=338  \\$avolume$2rdacarrier
=985  \\$aISSN UK Centre note: special edition of 'Another magazine' ISSN 1355-5901 - add 787 fields when completing. ISSN UK, 14.01.2015.
=CAT  \\$a11313$b40$c20150114$lBLL01$h1526
=FMT  \\$a  SE
=LAS  \\$a11313$b40$c20150114$lBLL01$h1526

