=LDR  01059 as a22003018i 4500
=001  017026865
=003  Uk
=005  20160324102740.0
=007  ta
=008  150126c20169999enkfr\m\\\\\\\0\\\a0eng\\
=022  0\$a2058-2862$202
=040  \\$aUk$beng$cUk$erda
=222  \0$aArt, literature and music in symbolism, its origins and its consequences$b(Print)
=245  00$aArt, literature and music in symbolism, its origins and its consequences
=263  \\$a201612
=264  \1$aNewcastle upon Tyne :$bCambridge Scholars Publishing
=310  \\$aSemiannual
=336  \\$atext$2rdacontent
=337  \\$aunmediated$2rdamedia
=338  \\$avolume$2rdacarrier
=985  \\$aPrint version of ISSN 2397-897X - please add 776 fields when completing. ISSN UK, 08.03.2016.
=CAT  \\$a11313$b40$c20150126$lBLL01$h0848
=CAT  \\$a11313$b40$c20150126$lBLL01$h0900
=CAT  \\$a11313$b40$c20160308$lBLL01$h1451
=CAT  \\$a11313$b40$c20160308$lBLL01$h1455
=CAT  \\$a11130$b40$c20160324$lBLL01$h1027
=FMT  \\$a  SE
=LAS  \\$a11130$b40$c20160324$lBLL01$h1027

