=LDR  00802 as a22002538i 4500
=001  017043641
=003  Uk
=005  20150206151259.0
=007  ta
=008  150206c20159999enkwr\p\\\\\\\0\\\a0eng\\
=022  0\$a2058-4962$202
=040  \\$aUk$beng$cUk$erda
=222  \0$aClevedon mercury
=245  00$aClevedon mercury
=263  \\$a201503
=264  \1$aBristol :$bBristol News & Media
=310  \\$aWeekly
=336  \\$atext$2rdacontent
=337  \\$aunmediated$2rdamedia
=338  \\$avolume$2rdacarrier
=985  \\$aISSN note: this is a C/T and merger of three existing titles, Clevedon people.co.uk, Nailsea people.co.uk and Portishead people. co.uk. Please add 78X and LKR fields as required.
=CAT  \\$a11315$b40$c20150206$lBLL01$h1512
=FMT  \\$a  SE
=LAS  \\$a11315$b40$c20150206$lBLL01$h1512

