=LDR  00789 as a22002658i 4500
=001  017048152
=003  Uk
=005  20150210145115.0
=006  m\\\\\\\\d\|\\\\\\
=007  cr||||||||||||
=008  150210c20009999enk\x\m\o\\\\\0\\\a0eng\\
=022  0\$a2058-5640$202
=040  \\$aUk$beng$cUk$erda
=222  \0$aCreating success$b(Online)
=245  00$aCreating success.
=263  \\$a201506
=264  \1$aLondon :$bKogan Page
=310  \\$aIrregular
=336  \\$atext$2rdacontent
=337  \\$acomputer$2rdamedia
=338  \\$aonline resource$2rdacarrier
=985  \\$aISSN UK: Requires link to completed print version (ISSN 2058-5632) on completion (see Richard (Leeds), 10/02/15)
=CAT  \\$a10806$b40$c20150210$lBLL01$h1451
=FMT  \\$a  SE
=LAS  \\$a10806$b40$c20150210$lBLL01$h1451

