=LDR  00885 as a22002898i 4500
=001  017048163
=003  Uk
=005  20150210151025.0
=006  m\\\\\\\\d\|\\\\\\
=007  cr||||||||||||
=008  150210c20019999enk\x\m\o\\\\\0\\\a0eng\\
=022  0\$a2058-5667$202
=040  \\$aUk$beng$cUk$erda
=222  \0$aPR in practice series$b(Online)
=245  00$aPR in practice series.
=246  3\$aPublic relations in practice series
=263  \\$a201506
=264  \1$aLondon :$bKogan Page
=310  \\$aIrregular
=336  \\$atext$2rdacontent
=337  \\$acomputer$2rdamedia
=338  \\$aonline resource$2rdacarrier
=985  \\$aPlease add 776 link to print version (ISSN 2058-5659) on completion (Richard (Leeds), 10/02/15)
=CAT  \\$a10806$b40$c20150210$lBLL01$h1510
=FMT  \\$a  SE
=LAS  \\$a10806$b40$c20150210$lBLL01$h1510
=LET  \0$aPR in practice series (Electronic)

