=LDR  00933 as a22003018i 4500
=001  017066120
=003  Uk
=005  20150226100115.0
=006  m\\\\\\\\d\|\\\\\\
=007  cr||||||||||||
=008  150211c20129999enk\x\m\o\\\\\0\\\a0eng\\
=022  0\$a2058-5764$202
=040  \\$aUk$beng$cUk$erda
=222  \0$aMarket research in practice$b(Online)
=245  00$aMarket research in practice.
=246  3\$aMarket research in practice series
=263  \\$a201506
=264  \1$aLondon :$bKogan Page
=310  \\$aIrregular
=336  \\$atext$2rdacontent
=337  \\$acomputer$2rdamedia
=338  \\$aonline resource$2rdacarrier
=985  \\$aISSN UK note: Please add link to print version on completion (ISSN 2058-5756)
=CAT  \\$a10806$b40$c20150211$lBLL01$h1059
=CAT  \\$a10806$b40$c20150226$lBLL01$h1001
=FMT  \\$a  SE
=LAS  \\$a10806$b40$c20150226$lBLL01$h1001
=LET  \0$aMarket research in practice (Electronic)

