=LDR  00873 as a22002898i 4500
=001  017066169
=003  Uk
=005  20150226090249.0
=006  m\\\\\\\\d\|\\\\\\
=007  cr||||||||||||
=008  150211c20129999enk\x\m\o\\\\\0\\\a0eng\\
=022  0\$a2058-5780$202
=040  \\$aUk$beng$cUk$erda
=222  \0$aStrategic success series$b(Online)
=245  00$aStrategic success series.
=263  \\$a201506
=264  \1$aLondon :$bKogan Page
=310  \\$aIrregular
=336  \\$atext$2rdacontent
=337  \\$acomputer$2rdamedia
=338  \\$aonline resource$2rdacarrier
=985  \\$aISSN UK note: Please add link to print version, ISSN 2058-5772, on completion
=CAT  \\$a10806$b40$c20150211$lBLL01$h1115
=CAT  \\$a10806$b40$c20150226$lBLL01$h0902
=FMT  \\$a  SE
=LAS  \\$a10806$b40$c20150226$lBLL01$h0902
=LET  \0$aStrategic success series (Electronic)

