=LDR  00905 as a22002898i 4500
=001  017066205
=003  Uk
=005  20150226094055.0
=006  m\\\\\\\\d\|\\\\\\
=007  cr||||||||||||
=008  150211c20099999enk\x\m\o\\\\\0\\\a0eng\\
=022  0\$a2058-5802$202
=040  \\$aUk$beng$cUk$erda
=222  \4$aThe John Adair leadership library$b(Online)
=245  04$aThe John Adair leadership library.
=263  \\$a201506
=264  \1$aLondon :$bKogan Page
=310  \\$aIrregular
=336  \\$atext$2rdacontent
=337  \\$acomputer$2rdamedia
=338  \\$aonline resource$2rdacarrier
=985  \\$aISSN UK note: Please link to completed print record on completion (ISSN 2058-5799)
=CAT  \\$a10806$b40$c20150211$lBLL01$h1132
=CAT  \\$a10806$b40$c20150226$lBLL01$h0940
=FMT  \\$a  SE
=LAS  \\$a10806$b40$c20150226$lBLL01$h0940
=LET  \4$aThe John Adair leadership library (Electronic)

