=LDR  00866 as a22002898i 4500
=001  017066227
=003  Uk
=005  20150226081419.0
=006  m\\\\\\\\d\|\\\\\\
=007  cr||||||||||||
=008  150211c20099999enk\x\m\o\\\\\0\\\a0eng\\
=022  0\$a2058-5829$202
=040  \\$aUk$beng$cUk$erda
=222  \0$aBetter business English$b(Online)
=245  00$aBetter business English
=263  \\$a201506
=264  \1$aLondon :$bKogan Page
=310  \\$aIrregular
=336  \\$atext$2rdacontent
=337  \\$acomputer$2rdamedia
=338  \\$aonline resource$2rdacarrier
=985  \\$aISSN UK note: Please link to print version, ISSN 2058-5810, on completion.
=CAT  \\$a10806$b40$c20150211$lBLL01$h1145
=CAT  \\$a10806$b40$c20150226$lBLL01$h0814
=FMT  \\$a  SE
=LAS  \\$a10806$b40$c20150226$lBLL01$h0814
=LET  \0$aBetter business English (Electronic)

