=LDR  00910 as a22003018i 4500
=001  017066307
=003  Uk
=005  20150226084003.0
=006  m\\\\\\\\d\|\\\\\\
=007  cr||||||||||||
=008  150211c20119999enk\x\m\o\\\\\0\\\a0eng\\
=022  0\$a2058-5845$202
=040  \\$aUk$beng$cUk$erda
=222  \0$aBusiness success$b(Kogan Page. Online)
=245  00$aBusiness success.
=263  \\$a201506
=264  \1$aLondon :$bKogan Page
=310  \\$aIrregular
=336  \\$atext$2rdacontent
=337  \\$acomputer$2rdamedia
=338  \\$aonline resource$2rdacarrier
=985  \\$aISSN UK note: Please add link to print version, ISSN 2058-5837, on completion
=CAT  \\$a10806$b40$c20150211$lBLL01$h1310
=CAT  \\$a10806$b40$c20150211$lBLL01$h1311
=CAT  \\$a10806$b40$c20150226$lBLL01$h0840
=FMT  \\$a  SE
=LAS  \\$a10806$b40$c20150226$lBLL01$h0840
=LET  \0$aBusiness success (Electronic)

