=LDR  00871 as a22002658i 4500
=001  017078552
=003  Uk
=005  20160408084403.0
=007  ta
=008  150223c20159999enkfr\m\\\\\\\0\\\a0eng\\
=022  0\$a2058-6892$202
=040  \\$aUk$beng$cUk$erda
=222  \0$aCornell Institute for African Development series
=245  00$aCornell Institute for African Development series.
=263  \\$a201506
=264  \1$aNewcastle upon Tyne :$bCambridge Scholars Publishing
=310  \\$aSemiannual
=336  \\$atext$2rdacontent
=337  \\$aunmediated$2rdamedia
=338  \\$avolume$2rdacarrier
=985  \\$aISSN UK Centre note: See also online version (ISSN 2397-9577). Please add 776 to both records on completion.
=CAT  \\$a11313$b40$c20150223$lBLL01$h1414
=CAT  \\$a10973$b40$c20160408$lBLL01$h0844
=FMT  \\$a  SE
=LAS  \\$a10973$b40$c20160408$lBLL01$h0844

