=LDR  00738 as a22002538i 4500
=001  017085434
=003  Uk
=005  20150227135836.0
=007  ta
=008  150227c20159999enksr\p\\\\\\\0\\\a0eng\\
=022  0\$a2058-7376$202
=040  \\$aUk$beng$cUk$erda
=222  \0$aFast car presents
=245  00$aFast car presents ...
=263  \\$a201506
=264  \1$aCudham :$bKelsey Publishing
=310  \\$aSemimonthly
=336  \\$atext$2rdacontent
=337  \\$aunmediated$2rdamedia
=338  \\$avolume$2rdacarrier
=985  \\$aISSN note: related title to 'Fast car', Aleph 011815948, ISSN 0951-7499. Please add 78X fields if required.
=CAT  \\$a11315$b40$c20150227$lBLL01$h1358
=FMT  \\$a  SE
=LAS  \\$a11315$b40$c20150227$lBLL01$h1358

