=LDR  03692cas a22008178i 4500
=001  017093028
=003  Uk
=005  20230210011230.0
=007  ta
=008  150303c20159999ncufr\p\\\\\\\0\\\a0eng\\
=022  0\$a2058-7430$202
=040  \\$aUk$beng$cUk$erda
=222  \0$aGlobal summitry$b(Print)
=245  00$aGlobal summitry :$bpolitics, economics, and law in international governance.
=263  \\$a201506
=264  \1$aCary (N.C.) :$bOxford University Press
=310  \\$aSemiannual
=336  \\$atext$2rdacontent
=337  \\$aunmediated$2rdamedia
=338  \\$avolume$2rdacarrier3
=540  \\$aCurrent Copyright Fee: GBP25.00$c0$5Uk
=945  \\$aGlobal summitry.
=979  \\$aBritish Library$bDSC$j4195.475385N
=985  \\$aISSN UK: see file for correspondence regarding similar title (not being treated as a C/T) (Richard, 03/03/15)
=985  \\$aRecord for online format completed and catalogued. Please add 776 fields when print is published.
=ACF  \\$aPrevious Copyright Fee: GBP16.00$c0$e01-apr-2016$fGBP16.00$g0$hC$5Uk
=ACF  \\$aBritish Library not licensed to copy$c0$e01-jan-2016$hC$iCFP Excluded$5Uk
=ACF  \\$aPrevious copyright fee: GBP24.00$c29\0$e11-nov-2016$fGBP24.00$g0$hP$5Uk
=ACF  \\$aPrevious copyright fee: GBP26.00$c29\0$e01-jan-2017$fGBP26.00$g0$hP$5Uk
=ACF  \\$aCurrent copyright fee: GBP20.00$c29\0$e13-jan-2020$fGBP20.00$g0$hP$5Uk
=ACF  \\$aPrevious copyright fee: GBP28.00$c29\0$e01-jan-2019$fGBP28.00$g0$hP$5Uk
=ACF  \\$aPrevious copyright fee: GBP27.00$c29\0$e01-jan-2018$fGBP27.00$g0$hP$5Uk
=ACF  \\$aPrevious Copyright Fee: GBP16.00$c0$e01-apr-2020$fGBP16.00$g0$hC$5Uk
=ACF  \\$aPrevious Copyright Fee: GBP20.00$c0$e01-jul-2020$fGBP20.00$g0$hC$5Uk
=ACF  \\$aPrevious Copyright Fee: GBP22.50$c0$e01-jan-2021$fGBP22.50$g0$hC$5Uk
=ACF  \\$aBritish Library not licensed to copy$c0$e01-jul-2021$hC$iCFP Excluded$5Uk
=ACF  \\$aPrevious Copyright Fee: GBP22.50$c0$e01-apr-2022$fGBP22.50$g0$hC$5Uk
=CAT  \\$a10806$b40$c20150303$lBLL01$h1121
=CAT  \\$a10806$b40$c20160721$lBLL01$h0821
=CAT  \\$a5552$b40$c20161111$lBLL01$h0920
=CAT  \\$aBLDSS-3PM$b00$c20161115$lBLL01$h1529
=CAT  \\$aBATCH-UPD$b00$c20161115$lBLL01$h1530
=CAT  \\$aBATCH-UPD$b00$c20161122$lBLL01$h1522
=CAT  \\$aIPL-CLA$c20161231$lBLL01$h0022
=CAT  \\$aBATCH-UPD$b00$c20171121$lBLL01$h1705
=CAT  \\$aIPL-CLA$c20171231$lBLL01$h1828
=CAT  \\$aBATCH-UPD$b00$c20181217$lBLL01$h1653
=CAT  \\$aIPL-CLA$c20181231$lBLL01$h1555
=CAT  \\$a11313$b40$c20190712$lBLL01$h1056
=CAT  \\$a12654$b40$c20200113$lBLL01$h0851
=CAT  \\$aDEL-3PM$c20200127$lBLL01$h0848
=CAT  \\$aBATCH-CLA$b00$c20200228$lBLL01$h1632
=CAT  \\$aIPL-CLA$c20200331$lBLL01$h1632
=CAT  \\$aBATCH-CLA$b00$c20200529$lBLL01$h1530
=CAT  \\$aIPL-CLA$c20200701$lBLL01$h0118
=CAT  \\$aBATCH-CLA$b00$c20201126$lBLL01$h1401
=CAT  \\$aIPL-CLA$c20201231$lBLL01$h2344
=CAT  \\$aBATCH-CLA$b00$c20210528$lBLL01$h1528
=CAT  \\$aIPL-CLA$c20210704$lBLL01$h1126
=CAT  \\$aBATCH-CLA$b00$c20220304$lBLL01$h1533
=CAT  \\$aIPL-CLA$c20220331$lBLL01$h2321
=CAT  \\$aBATCH-CLA$b00$c20221130$lBLL01$h1435
=CAT  \\$aIPL-CLA$c20221231$lBLL01$h2332
=CAT  \\$aBATCH-CLA$b00$c20230209$lBLL01$h1523
=CAT  \\$aIPL-CLA$c20230210$lBLL01$h0112
=CFI  0\$aCurrent Copyright Fee: GBP25.00$c0$e09-feb-2023$fGBP25.00$g0$hC$5Uk
=CFI  2\$aBritish Library not licensed to copy$c0$e01-jan-2023$hC$iCFP Excluded$5Uk
=FMT  \\$a  SE
=LAS  \\$aIPL-CLA$b00$c20230210$lBLL01$h0112
=LET  \0$aGlobal summitry (Print)
=UNO  \\$aY

