=LDR  00935 as a22002898i 4500
=001  017111597
=003  Uk
=005  20150317113207.0
=007  ta
=008  150317c20159999enkfr\p\\\\\\\0\\\b0tur\\
=022  0\$a2058-8828$202
=040  \\$aUk$beng$cUk$erda
=222  \0$aPaving news$b(Turkish ed. Print)
=245  00$aPaving news.
=263  \\$a201506
=264  \1$a[Dartford :$bRoute One Publishing Ltd]
=310  \\$aSemiannual
=336  \\$atext$2rdacontent
=337  \\$aunmediated$2rdamedia
=338  \\$avolume$2rdacarrier
=776  08$iAlso issued online as:$tPaving news$x2058-8836
=985  \\$aISSN UK Centre note: Please change 222{dollar}b 'Turkish ed.' to be in the Turkish language, when completing. ISSN UK, 17.03.2015.
=CAT  \\$a11313$b40$c20150317$lBLL01$h1130
=CAT  \\$a11313$b40$c20150317$lBLL01$h1132
=FMT  \\$a  SE
=LAS  \\$a11313$b40$c20150317$lBLL01$h1132
=LET  \0$aPaving news (Turkish edition. Print)

