=LDR  00944 as a22002898i 4500
=001  017111601
=003  Uk
=005  20150317113417.0
=006  m\\\\\\\\d\|\\\\\\
=007  cr||||||||||||
=008  150317c20159999enkfr\p\o\\\\\0\\\b0tur\\
=022  0\$a2058-8836$202
=040  \\$aUk$beng$cUk$erda
=222  \0$aPaving news$b(Turkish ed. Online)
=245  00$aPaving news.
=263  \\$a201506
=264  \1$a[Dartford :$bRoute One Publishing Ltd]
=310  \\$aSemiannual
=336  \\$atext$2rdacontent
=337  \\$acomputer$2rdamedia
=338  \\$aonline resource$2rdacarrier
=776  08$iAlso issued in print as:$tPaving news$x2058-8828
=985  \\$aISSN UK Centre note: Please change 222{dollar}b 'Turkish ed.' to be in the Turkish language, when completing. ISSN UK, 17.03.2015.
=CAT  \\$a11313$b40$c20150317$lBLL01$h1134
=FMT  \\$a  SE
=LAS  \\$a11313$b40$c20150317$lBLL01$h1134
=LET  \0$aPaving news (Turkish edition. Electronic)

