=LDR  00944 as a22002898i 4500
=001  017111609
=003  Uk
=005  20150317114138.0
=006  m\\\\\\\\d\|\\\\\\
=007  cr||||||||||||
=008  150317c20159999enkfr\p\o\\\\\0\\\b0ita\\
=022  0\$a2058-8852$202
=040  \\$aUk$beng$cUk$erda
=222  \0$aPaving news$b(Italian ed. Online)
=245  00$aPaving news.
=263  \\$a201506
=264  \1$a[Dartford :$bRoute One Publishing Ltd]
=310  \\$aSemiannual
=336  \\$atext$2rdacontent
=337  \\$acomputer$2rdamedia
=338  \\$aonline resource$2rdacarrier
=776  08$iAlso issued in print as:$tPaving news$x2058-8844
=985  \\$aISSN UK Centre note: Please change 222{dollar}b 'Italian ed.' to be in the Italian language, when completing. ISSN UK, 17.03.2015.
=CAT  \\$a11313$b40$c20150317$lBLL01$h1141
=FMT  \\$a  SE
=LAS  \\$a11313$b40$c20150317$lBLL01$h1141
=LET  \0$aPaving news (Italian edition. Electronic)

