=LDR  00933 as a22002778i 4500
=001  017113687
=003  Uk
=005  20150318073230.0
=007  ta
=008  150318c20159999enkfr\p\\\\\\\0\\\c0rus\\
=022  0\$a2058-8860$202
=040  \\$aUk$beng$cUk$erda
=222  \0$aPaving news$b(Russian ed. Print)
=245  00$aPaving news.
=263  \\$a201506
=264  \1$a[Dartford :$bRoute One Publishing Ltd]
=310  \\$aSemiannual
=336  \\$atext$2rdacontent
=337  \\$aunmediated$2rdamedia
=338  \\$avolume$2rdacarrier
=985  \\$aPrint version of ISSN 2058-8194 - please add 776 fields when completing. ISSN UK, 18.03.2015.
=985  \\$aISSN UK Centre note: Please change 222{dollar}b 'Russian ed.' to be in the Russian language, when completing. ISSN UK, 18.03.2015.
=CAT  \\$a11313$b40$c20150318$lBLL01$h0732
=FMT  \\$a  SE
=LAS  \\$a11313$b40$c20150318$lBLL01$h0732
=LET  \0$aPaving news (Russian edition. Print)

