=LDR  00728 as a22002538i 4500
=001  017113832
=003  Uk
=005  20150318112842.0
=007  ta
=008  150318c20159999enkmr\p\\\\\\\0\\\a0eng\\
=022  0\$a2058-8933$202
=040  \\$aUk$beng$cUk$erda
=222  \0$aSurfers$b(UK ed.)
=245  00$aSurfers.
=263  \\$a201506
=264  \1$aLondon :$bFactory Media
=310  \\$aMonthly
=336  \\$atext$2rdacontent
=337  \\$aunmediated$2rdamedia
=338  \\$avolume$2rdacarrier
=985  \\$aISSN UK Centre note: C/T from Surf Europe ISSN 1466-5255 - please add 78X fields when completing. ISSN UK, 18.03.2015.
=CAT  \\$a11313$b40$c20150318$lBLL01$h1128
=FMT  \\$a  SE
=LAS  \\$a11313$b40$c20150318$lBLL01$h1128

