=LDR  00853 as a22003018i 4500
=001  017118154
=003  Uk
=005  20150512143953.0
=006  m\\\\\\\\d\|\\\\\\
=007  cr||||||||||||
=008  150320c20159999enkmr\p\o\\\\\0\\\a0eng\\
=022  0\$a2058-8100$202
=040  \\$aUk$beng$cUk$erda
=222  \0$aREFM$b(Online)
=245  00$aREFM
=246  3\$aReal estate fund manager
=263  \\$a201505
=264  \1$aLondon :$bPageant Media
=310  \\$aMonthly
=336  \\$atext$2rdacontent
=337  \\$acomputer$2rdamedia
=338  \\$aonline resource$2rdacarrier
=985  \\$aPlease add reciprocal 776 link to print version (ISSN 2058-8097) on completion
=CAT  \\$a11315$b40$c20150320$lBLL01$h1112
=CAT  \\$a8124$b40$c20150512$lBLL01$h1439
=FMT  \\$a  SE
=LAS  \\$a8124$b40$c20150512$lBLL01$h1439
=LET  \0$aREFM (Electronic)

