=LDR  01014 as a22002658i 4500
=001  017123605
=003  Uk
=005  20160119095557.0
=007  ta
=008  150324c20159999enkar\p\\\\\\\0\\\a0eng\\
=022  0\$a2058-945X$202
=040  \\$aUk$beng$cUk$erda
=222  \0$aRegional rewards for Eastern Counties
=245  00$aRegional rwards for Eastern Counties.
=263  \\$a201508
=264  \1$aStone :$bCroner Reward
=310  \\$aAnnual
=336  \\$atext$2rdacontent
=337  \\$aunmediated$2rdamedia
=338  \\$avolume$2rdacarrier
=985  \\$aISSN UK Centre note: Applied for as "Eastern counties rewards". PDF received for 2015 issue has title: "Regional Rwards for Eastern Counties" key title changed in this record. C/T from 'Regional rewards for East Anglia' ISSN 1758-051X - please add 78X and LKR fields when completing. ISSN UK, 24.03.2015.
=CAT  \\$a11313$b40$c20150324$lBLL01$h1444
=CAT  \\$a11316$b40$c20160119$lBLL01$h0955
=FMT  \\$a  SE
=LAS  \\$a11316$b40$c20160119$lBLL01$h0955

