=LDR  00699 as a22002538i 4500
=001  017127580
=003  Uk
=005  20150326165559.0
=007  ta
=008  150326c20159999enkar\m\\\\\\\0\\\a0eng\\
=022  0\$a2058-8429$202
=040  \\$aUk$beng$cUk$erda
=222  \0$aLinux voice presents ...
=245  00$aLinux voice presents ...
=263  \\$a201505
=264  \1$aCalne :$bLinux Voice Ltd
=310  \\$aAnnual
=336  \\$atext$2rdacontent
=337  \\$aunmediated$2rdamedia
=338  \\$avolume$2rdacarrier
=985  \\$aISSN UK Centre note: Related title 'Linux voice' (ISSN 2054-3778).
=CAT  \\$a10973$b40$c20150326$lBLL01$h1655
=FMT  \\$a  SE
=LAS  \\$a10973$b40$c20150326$lBLL01$h1655

