=LDR  00932 as a22002898i 4500
=001  017145509
=003  Uk
=005  20160219111050.0
=007  ta
=008  150408c20169999enkmr\p\\\\\\\0\\\a0eng\\
=022  0\$a2058-8550$202
=040  \\$aUk$beng$cUk$erda
=222  \0$aWomen's rights watch international$b(Print)
=245  00$aWomen's rights watch international.
=263  \\$a201612
=264  \1$aLondon :$bJ. C. Okafor
=310  \\$aMonthly
=336  \\$atext$2rdacontent
=337  \\$aunmediated$2rdamedia
=338  \\$avolume$2rdacarrier
=985  \\$aISSN UK Centre note: Print version of ISSN 2058-8569 - please add 776 fields when completing. ISSN UK, 19.02.2016.
=CAT  \\$a7152$b40$c20150408$lBLL01$h1630
=CAT  \\$a11313$b40$c20150812$lBLL01$h1321
=CAT  \\$a11313$b40$c20160219$lBLL01$h1110
=FMT  \\$a  SE
=LAS  \\$a11313$b40$c20160219$lBLL01$h1110
=LET  \0$aWomen's rights watch international (Print)

