=LDR  00781 as a22002658i 4500
=001  017158844
=003  Uk
=005  20150415160433.0
=007  ta
=008  150415c20159999enkmr\p\\\\\\\0\\\a0hun\\
=022  0\$a2059-0490$202
=040  \\$aUk$beng$cUk$erda
=222  \0$aKulfoldi Magyarok
=245  00$aKulfoldi Magyarok.
=263  \\$a201505
=264  \1$aEast Grinstead :$bTelenews Limited
=310  \\$aMonthly
=336  \\$atext$2rdacontent
=337  \\$aunmediated$2rdamedia
=338  \\$avolume$2rdacarrier
=985  \\$aISSN UK Centre note: See file, ISSN requested for online version but deferred until publication.
=CAT  \\$a10973$b40$c20150415$lBLL01$h1604
=FMT  \\$a  SE
=LAS  \\$a10973$b40$c20150415$lBLL01$h1604
=LET  \0$aKulfoldi Magyarok (Print)

