=LDR  01482 as a22003737i 4500
=001  017474484
=003  Uk
=005  20150807134341.0
=006  m\\\\\\\\d\|\\\\\\
=007  cr||||||||||||
=008  150807c19949999enkqr\p\o\\\\\0\\\a0eng\\
=022  0\$a2326-3709
=040  \\$aUk$beng$cUk$erda
=210  0\$aJ. appl. manag. entrep.$b(Online)
=222  \4$aThe journal of applied management and entrepreneurship$b(Online)
=245  04$aThe journal of applied management and entrepreneurship.
=246  13$aJAME
=260  \\$aFort Lauderdale, FL :$bSchool of Business and Entrepreneurship, Nova Southeastern University,$c1994-
=264  31$32015-$aSheffield,$cGreenleaf Publishing
=310  \\$aQuarterly
=321  \\$aSemiannual
=336  \\$atext$2rdacontent
=337  \\$acomputer$2rdamedia
=338  \\$aonline resource$2rdacarrier
=776  08$iAlso issued in print as:$tJournal of applied management and entrepreneurship$x1077-1158
=856  40$uhttp://www.whitneypress.com/jame
=856  40$uhttp://www.greenleaf-publishing.com/default.asp?ContentID=206$zTo subscribe
=985  \\$aISSN description based on: Volume 20, number 2 (April 2015); from print surrogate.
=985  \\$aISSN RDA COMPLETION - TO BE CATALOGUED BY RDA TRAINED CATALOGUERS.
=CAT  \\$a11313$b40$c20150807$lBLL01$h1343
=FIN  \\$aY$d20150807
=FMT  \\$a  SE
=LAS  \\$a11313$b40$c20150807$lBLL01$h1343
=LET  \4$aThe journal of applied management and entrepreneurship (Electronic)

