=LDR  00977 as a22002898i 4500
=001  017522987
=003  Uk
=005  20150902112203.0
=006  m\\\\\\\\d\|\\\\\\
=007  cr||||||||||||
=008  150902c20159999enkqr\p\o\\\\\0\\\a0eng\\
=022  0\$a2059-8629$202
=040  \\$aUk$beng$cUk$erda
=222  \0$aDevelopments in life sciences$b(Online)
=245  00$aDevelopments in life sciences.
=263  \\$a201509
=264  \1$aHuntingdon :$bEnvigo
=310  \\$aQuarterly
=336  \\$atext$2rdacontent
=337  \\$acomputer$2rdamedia
=338  \\$aonline resource$2rdacarrier
=985  \\$aPublisher changing name from Huntingdon Life Sciences to Envigo, September 21 2015.
=985  \\$aISSN UK Centre note: Online version of ISSN 1467-4912 - please add 776 fields when completing. ISSN UK, 02.09.2015.
=CAT  \\$a11313$b40$c20150902$lBLL01$h1122
=FMT  \\$a  SE
=LAS  \\$a11313$b40$c20150902$lBLL01$h1122
=LET  \0$aDevelopments in life sciences (Electronic)

