=LDR  00913 as a22002898i 4500
=001  017664435
=003  Uk
=005  20160928152651.0
=006  m\\\\\\\\d\|\\\\\\
=007  cr||||||||||||
=008  151214c20169999enkar\p\o\\\\\0\\\a0eng\\
=022  0\$a2397-4362$202
=040  \\$aUk$beng$cUk$erda
=222  \0$aEstonia tourism report
=245  00$aEstonia tourism report.
=263  \\$a201612
=264  \1$aLondon :$bBMI Research
=310  \\$aAnnual
=336  \\$atext$2rdacontent
=337  \\$acomputer$2rdamedia
=338  \\$aonline resource$2rdacarrier
=985  \\$aISSN UK Centre note: Continues in part 'Estonia, Latvia & Lithuania tourism report' (ISSN 2396-6971). Please add 78X/LKR as necessary.
=CAT  \\$a10973$b40$c20151214$lBLL01$h1202
=CAT  \\$a10973$b40$c20160928$lBLL01$h1526
=FMT  \\$a  SE
=LAS  \\$a10973$b40$c20160928$lBLL01$h1526
=LET  \0$aEstonia tourism report (Electronic)

