=LDR  02156cas a22005533i 4500
=001  017670906
=003  Uk
=005  20230210011300.0
=007  ta
=008  151216d1998200uenkmr\p\\\\\\\0\\\a0eng\\
=022  0\$a1465-4407$202
=040  \\$aUk$beng$cUk
=210  0\$aHip-hop connect.$b(1998)
=222  \0$aHip-hop connection$b(1998)
=245  00$aHip-hop connection.
=260  \\$aBath :$bFuture
=336  \\$atext$2rdacontent
=337  \\$aunmediated$2rdamedia
=338  \\$avolume$2rdacarrier
=540  \\$aCurrent Copyright Fee: GBP25.00$c0$5Uk
=780  00$tHHC (Ely)$x0967-7089
=985  \\$aISSN UK RECORD. DO NOT MERGE WITH CATALOGUE RECORD.
=ACF  \\$aPrevious Copyright Fee: GBP12.30$c0$e01-apr-2016$fGBP12.30$g0$hC$5Uk
=ACF  \\$aPrevious Copyright Fee: GBP15.00$c0$e01-jan-2017$fGBP15.00$g0$hC$5Uk
=ACF  \\$aPrevious Copyright Fee: GBP17.50$c0$e01-jan-2018$fGBP17.50$g0$hC$5Uk
=ACF  \\$aPrevious Copyright Fee: GBP20.00$c0$e01-jan-2020$fGBP20.00$g0$hC$5Uk
=ACF  \\$aPrevious Copyright Fee: GBP22.50$c0$e01-jan-2021$fGBP22.50$g0$hC$5Uk
=CAT  \\$a8874$b40$c20151216$lBLL01$h1432
=CAT  \\$aBATCH-CLA$b00$c20160229$lBLL01$h1618
=CAT  \\$aIPL-CLA$c20160331$lBLL01$h1821
=CAT  \\$aBATCH-CLA$b00$c20161130$lBLL01$h1645
=CAT  \\$aIPL-CLA$c20161231$lBLL01$h0024
=CAT  \\$aBATCH-CLA$b00$c20171130$lBLL01$h1714
=CAT  \\$aIPL-CLA$c20171231$lBLL01$h1831
=CAT  \\$aBATCH-CLA$b00$c20191129$lBLL01$h1631
=CAT  \\$aIPL-CLA$c20191231$lBLL01$h2042
=CAT  \\$aBATCH-CLA$b00$c20201126$lBLL01$h1421
=CAT  \\$aIPL-CLA$c20201231$lBLL01$h2346
=CAT  \\$aBATCH-CLA$b00$c20221130$lBLL01$h1500
=CAT  \\$aIPL-CLA$c20221231$lBLL01$h2336
=CAT  \\$aBATCH-CLA$b00$c20230209$lBLL01$h1547
=CAT  \\$aIPL-CLA$c20230210$lBLL01$h0113
=CFI  0\$aCurrent Copyright Fee: GBP25.00$c0$e09-feb-2023$fGBP25.00$g0$hC$5Uk
=CFI  2\$aBritish Library not licensed to copy$c0$e01-jan-2023$hC$iCFP Excluded$5Uk
=FIN  \\$aY$d20151216
=FMT  \\$a  SE
=LAS  \\$aIPL-CLA$b00$c20230210$lBLL01$h0113
=LEO  \\$aMP22.0000060231
=SRC  \\$aISN01$bbibmp22.200404.2.aa

