=LDR  01600 as a22004097i 4500
=001  017747691
=003  Uk
=005  20160712101622.0
=007  ta
=008  160222c20159999ko\uu\p\\\\\\\0\\\a0kor\\
=022  0\$a2189-4507
=040  \\$aUk$beng$cUk$erda
=210  0\$aJ. thorac. oncol.$b(Han-gug-pan)
=222  \0$aJournal of thoracic oncology$b(Han-gug-pan)
=245  00$aJournal of thoracic oncology.
=264  \1$aTokyo, Japan :$bWiley Publishing Japan K.K.
=264  31$a[Seoul] :$bElsevier Korea
=336  \\$atext$2rdacontent
=337  \\$aunmediated$2rdamedia
=338  \\$avolume$2rdacarrier
=500  \\$aOfficial publication of the International Association for the Study of Lung Cancer.
=588  \\$aDescription based on: volume 1, number 1 (June 2015).
=588  \\$aLatest issue consulted: Volume 2, number 1 (March 2016).
=710  2\$aInternational Association for the Study of Lung Cancer.
=765  0\$tJournal of thoracic oncology$x1556-0864
=985  \\$aISSN record completed at request of ISSN Japan. Email with scans received in ISSN UK Centre, 15/02/16.
=985  \\$aISSN transferred from ISSN UK to ISSN Korea, July 12 2016.
=CAT  \\$a10806$b40$c20160222$lBLL01$h0920
=CAT  \\$a10806$b40$c20160222$lBLL01$h0930
=CAT  \\$a10806$b40$c20160222$lBLL01$h1043
=CAT  \\$a10806$b40$c20160222$lBLL01$h1053
=CAT  \\$a11313$b40$c20160711$lBLL01$h1156
=CAT  \\$a11313$b40$c20160712$lBLL01$h1016
=FIN  \\$aY$d20160222
=FMT  \\$a  SE
=LAS  \\$a11313$b40$c20160712$lBLL01$h1016
=LET  \0$aJournal of thoracic oncology (Korean edition)

