=LDR  01027 as a22002778i 4500
=001  017751243
=003  Uk
=005  20160224134813.0
=006  m\\\\\\\\d\|\\\\\\
=007  cr||||||||||||
=008  160224c20169999enkqr\p\o\\\\\0\\\a0eng\\
=022  0\$a2397-8244$202
=040  \\$aUk$beng$cUk$erda
=222  \0$aCentral America freight transport and shipping report
=245  00$aCentral America freight transport and shipping report.
=263  \\$a201601
=264  \1$aLondon :$bBMI Research
=310  \\$aQuarterly
=336  \\$atext$2rdacontent
=337  \\$acomputer$2rdamedia
=338  \\$aonline resource$2rdacarrier
=985  \\$aISSN UK Centre note: Continues 'Central America freight transport report (ISSN 2055-4273), the separate shipping report was never published and ISSN will be suppressed. Please add 78X/LKR as necessary.
=CAT  \\$a10973$b40$c20160224$lBLL01$h1348
=FMT  \\$a  SE
=LAS  \\$a10973$b40$c20160224$lBLL01$h1348
=LET  \0$aCentral America freight transport and shipping report (Electronic)

