=LDR  01202 as a22003018i 4500
=001  017770941
=003  Uk
=005  20160412125027.0
=006  m\\\\\\\\d\|\\\\\\
=007  cr||||||||||||
=008  160311c18679999enkar\p\o\\\\\0\\\a0eng\\
=022  0\$a2397-9305$202
=040  \\$aUk$beng$cUk$erda
=222  \0$aAnnual reports of the Aeronautical Society of Great Britain$b(Online)
=245  00$aAnnual reports of the Aeronautical Society of Great Britain
=263  \\$a201604
=264  \1$aCambridge :$bCambridge University Press
=310  \\$aAnnual
=336  \\$atext$2rdacontent
=337  \\$acomputer$2rdamedia
=338  \\$aonline resource$2rdacarrier
=985  \\$aISSN note: this is the previous title to 'Aeronautical journal', published 1897-1922. Please add 78x and LKR fields to online record for that title (Aleph 017770922).
=985  \\$aIf 776 field required add in {dollar}i Also issued in print as: [Please delete this 985 field if not required]
=CAT  \\$a11315$b40$c20160311$lBLL01$h1404
=CAT  \\$a11313$b40$c20160412$lBLL01$h1250
=FMT  \\$a  SE
=LAS  \\$a11313$b40$c20160412$lBLL01$h1250
=LET  \0$aAnnual reports of the Aeronautical Society of Great Britain (Electronic)

