=LDR  00889 as a22002898i 4500
=001  017774488
=003  Uk
=005  20160412095423.0
=006  m\\\\\\\\d\|\\\\\\
=007  cr||||||||||||
=008  160317c20169999enkar\p\o\\\\\0\\\a0eng\\
=022  0\$a2397-981X$202
=040  \\$aUk$beng$cUk$erda
=222  \0$aIn focus$b(Qualify. Online)
=245  00$aIn focus.
=263  \\$a201604
=264  \1$aUgley Green :$bTarget Publishing Ltd
=310  \\$aAnnual
=336  \\$atext$2rdacontent
=337  \\$acomputer$2rdamedia
=338  \\$aonline resource$2rdacarrier
=985  \\$aPlease add reciprocal 776 link to print version (ISSN 2397-9801) on completion, supplement also to 015994763 & 011650237?
=CAT  \\$a11313$b40$c20160317$lBLL01$h0802
=CAT  \\$a8124$b40$c20160412$lBLL01$h0954
=FMT  \\$a  SE
=LAS  \\$a8124$b40$c20160412$lBLL01$h0954
=LET  \0$aIn focus (Electronic)

