=LDR  03265cas a2200769 i 4500
=001  017776213
=003  Uk
=005  20221231233716.0
=007  ta
=008  160321c20169999enkfr\p\\\\\\\0\\\a0eng\\
=015  \\$aGBB640241$2bnb
=022  0\$a2376-0818
=040  \\$aUk$beng$cUk$erda
=042  \\$aukblsr
=082  04$a330.9561$223
=245  00$aResearch and policy on Turkey.
=264  \1$aAbingdon, Oxfordshire :$bRoutledge Journals, an imprint of Taylor & Francis, an Informa Business,$c2016-
=300  \\$billustrations (black and white, and colour) ;$c25 cm
=310  \\$aSemiannual
=336  \\$atext$2rdacontent
=337  \\$aunmediated$2rdamedia
=338  \\$avolume$2rdacarrier
=362  0\$aVolume 1, issue 1 (March 2016)-
=540  \\$aCurrent copyright fee: GBP37.00$c2\0$5Uk
=550  \\$a"Serves as the journal of Research Turkey, Centre for Policy and Research on Turkey."
=651  \0$aTurkey$xEconomic conditions$vPeriodicals.
=651  \0$aTurkey$xEconomic policy$vPeriodicals.
=651  \0$aTurkey$xPolitics and government$vPeriodicals.
=651  \0$aTurkey$xSocial conditions$vPeriodicals.
=651  \0$aTurkey$xSocial policy$vPeriodicals.
=710  2\$aResearch Turkey (Think tank)
=776  08$iAlso issued online as:$tResearch and policy on Turkey$x2376-0826
=856  \\$31850-9999$uhttp://www.tandfonline.com/$xBLDSS
=945  \\$aResearch and policy on Turkey.
=979  \\$aBritish Library$bDSC$j7715.692200N
=985  \\$aWork record only on ISSN Portal. Please add key title when validated.
=ACF  \\$aPrevious Copyright Fee: GBP29.90$c0$e01-jul-2016$fGBP29.90$g0$hC$5Uk
=ACF  \\$aPrevious Copyright Fee: GBP34.50$c0$e01-apr-2018$fGBP34.50$g0$hC$5Uk
=ACF  \\$aPrevious Copyright Fee: GBP32.20$c0$e01-apr-2017$fGBP32.20$g0$hC$5Uk
=ACF  \\$aPrevious copyright fee: GBP32.00$c2\0$e12-feb-2019$fGBP32.00$g0$hP$5Uk
=ACF  \\$aPrevious copyright fee: GBP34.00$c2\0$e01-jan-2020$fGBP34.00$g0$hP$5Uk
=CAT  \\$a11205$b40$c20160321$lBLL01$h1139
=CAT  \\$a8871$b40$c20160322$lBLL01$h1250
=CAT  \\$a11205$b40$c20160322$lBLL01$h1359
=CAT  \\$aBATCH-CLA$b00$c20160531$lBLL01$h1619
=CAT  \\$aIPL-CLA$c20160630$lBLL01$h1606
=CAT  \\$a5552$b40$c20170223$lBLL01$h1324
=CAT  \\$aBATCH-CLA$b00$c20170228$lBLL01$h1631
=CAT  \\$aIPL-CLA$c20170331$lBLL01$h1925
=CAT  \\$aBATCH-CLA$b00$c20180228$lBLL01$h1646
=CAT  \\$aIPL-CLA$c20180331$lBLL01$h1715
=CAT  \\$a5552$b40$c20190212$lBLL01$h0805
=CAT  \\$aBLDSS-3PM$b00$c20190221$lBLL01$h0756
=CAT  \\$aBATCH-UPD$b00$c20190221$lBLL01$h0757
=CAT  \\$aBATCH-UPD$b00$c20191122$lBLL01$h1903
=CAT  \\$aIPL-CLA$c20191231$lBLL01$h2042
=CAT  \\$aBATCH-UPD$b00$c20201118$lBLL01$h1337
=CAT  \\$aIPL-CLA$c20201231$lBLL01$h2346
=CAT  \\$aBATCH-UPD$b00$c20221121$lBLL01$h1350
=CAT  \\$aIPL-CLA$c20221231$lBLL01$h2337
=CFI  0\$aCurrent copyright fee: GBP37.00$c2\0$e01-jan-2023$fGBP37.00$g0$hP$5Uk
=CFI  2\$aPrevious copyright fee: GBP35.00$c2\0$e01-jan-2021$fGBP35.00$g0$hP$5Uk
=FFP  \\$aY$bBLDSS-3PM
=FIN  \\$aY$d20160321
=FMT  \\$a  SE
=LAS  \\$aIPL-CLA$b00$c20221231$lBLL01$h2337
=LET  \0$aResearch and policy on Turkey (Print)

