=LDR  04643cas a2201033 a 4500
=001  017832541
=003  Uk
=005  20230515085013.0
=007  cr\|||||||||||
=008  160503c20159999ii\qr\j\\\\\\\0\\\a0eng\\
=022  \\$a2405-819X
=040  \\$aUk$beng$cUk$erda
=042  \\$aukblsr
=082  04$a616.1$223
=222  \0$aInternational journal of the Cardiovascular Academy
=245  00$aInternational journal of the Cardiovascular Academy.
=246  3\$aIJCA
=264  \1$aBeijing :$bElsevier$c2015-
=264  31$a[Mumbai] :$bWolters Kluwers - Medknow
=300  \\$billustrations (black and white, and colour)
=310  \\$aQuarterly
=321  \\$aThree issues yearly
=336  \\$atext$2rdacontent
=337  \\$acomputer$2rdamedia
=338  \\$aonline resource$2rdacarrier
=362  0\$aVolume 1, issue 1 (June 2015)-
=500  \\$aTitle from journal homepage (Science Direct website, viewed January 26, 2023).
=530  \\$aAlso issued in print.
=540  \\$aCurrent copyright fee: GBP25.00$c0$5Uk
=588  \\$aLatest issue consulted: volume 8, issue 4 (October to December 2022) (ijcva.com website, viewed January 26, 2023).
=650  \7$aCardiovascular system$xDiseases$2fast$0(OCoLC)fst00847181
=655  \7$aPeriodicals.$2fast$0(OCoLC)fst01411641
=710  2\$aKardiyovaskuler Akademi Dernegi,$eissuing body.
=856  40$uhttps://www.sciencedirect.com/journal/international-journal-of-the-cardiovascular-academy
=856  40$uhttps://www.ijcva.com/
=859  \\$aELD$bejournal
=945  \\$aInternational journal- Cardiovascular Academy.
=979  \\$aBritish Library$bDSC$j4541.459000N
=985  \\$a3rd party access title for Remote supply please retain as base record when merging/deleting
=985  \\$aPlace of publication derived from the ISSN record.
=ACF  \\$aPrevious copyright fee: GBP12.50$c111\0$e01-oct-2022$fGBP12.50$g0$hP$5Uk
=ACF  \\$aPrevious copyright fee: GBP12.00$c111\0$e01-jul-2022$fGBP12.00$g0$hP$5Uk
=ACF  \\$aPrevious copyright fee: zero$c5\1$e03-may-2016$fGBP0.00$g0$hP$5Uk
=ACF  \\$aPrevious copyright fee: GBP11.54$c111\0$e16-jan-2018$fGBP11.54$g0$hP$5Uk
=ACF  \\$aPrevious copyright fee: GBP10.71$c111\0$e01-apr-2018$fGBP10.71$g0$hP$5Uk
=ACF  \\$aPrevious copyright fee: GBP11.54$c111\0$e01-oct-2018$fGBP11.54$g0$hP$5Uk
=ACF  \\$aPrevious copyright fee: GBP12.00$c111\0$e01-oct-2019$fGBP12.00$g0$hP$5Uk
=ACF  \\$aPrevious copyright fee: GBP11.54$c111\0$e01-apr-2020$fGBP11.54$g0$hP$5Uk
=ACF  \\$aPrevious copyright fee: GBP12.00$c111\0$e01-jul-2020$fGBP12.00$g0$hP$5Uk
=ACF  \\$aPrevious copyright fee: GBP11.11$c111\0$e01-apr-2021$fGBP11.11$g0$hP$5Uk
=ACF  \\$aPrevious copyright fee: GBP10.71$c111\0$e07-jul-2021$fGBP10.71$g0$hP$5Uk
=CAT  \\$a5552$b40$c20160503$lBLL01$h1116
=CAT  \\$aBATCH-UPD$b00$c20180823$lBLL01$h1912
=CAT  \\$aIPL-CLA$c20180930$lBLL01$h1521
=CAT  \\$aBATCH-UPD$b00$c20190829$lBLL01$h1452
=CAT  \\$aIPL-CLA$c20190930$lBLL01$h1658
=CAT  \\$a5552$b40$c20191025$lBLL01$h1129
=CAT  \\$a5410$b40$c20191030$lBLL01$h0831
=CAT  \\$aBATCH-UPD$b40$c20200219$lBLL01$h1440
=CAT  \\$aIPL-CLA$c20200331$lBLL01$h1636
=CAT  \\$aBATCH-UPD$b00$c20200522$lBLL01$h1429
=CAT  \\$aIPL-CLA$c20200701$lBLL01$h0122
=CAT  \\$aBATCH-UPD$b00$c20210226$lBLL01$h1010
=CAT  \\$aIPL-CLA$c20210331$lBLL01$h1704
=CAT  \\$a5552$b40$c20210507$lBLL01$h0828
=CAT  \\$a5410$b40$c20210515$lBLL01$h1158
=CAT  \\$aBATCH-UPD$b40$c20210707$lBLL01$h1533
=CAT  \\$aIPL-CLA$c20210707$lBLL01$h1845
=CAT  \\$aBATCH-UPD$b00$c20220520$lBLL01$h1606
=CAT  \\$aIPL-CLA$c20220630$lBLL01$h1540
=CAT  \\$aBATCH-UPD$b00$c20220824$lBLL01$h0837
=CAT  \\$aIPL-CLA$c20220930$lBLL01$h1430
=CAT  \\$a8055$b40$c20230125$lBLL01$h1453
=CAT  \\$a8483$b40$c20230126$lBLL01$h1440
=CAT  \\$a8483$b40$c20230126$lBLL01$h1444
=CAT  \\$a8871$b40$c20230208$lBLL01$h0854
=CAT  \\$aBATCH-UPD$b40$c20230211$lBLL01$h1709
=CAT  \\$a12654$b40$c20230511$lBLL01$h0800
=CAT  \\$a12654$b40$c20230511$lBLL01$h0802
=CAT  \\$aBATCH-FIX$c20230511$lBLL01$h1631
=CAT  \\$aDEL-3PM$c20230515$lBLL01$h0850
=CFI  0\$aCurrent copyright fee: GBP25.00$c0$e11-may-2023$fGBP25.00$g0$hA$5Uk
=CFI  2\$aPrevious Copyright fee: zero$c111\0$e25-jan-2023$fGBP0.00$g0$hP$5Uk
=FIN  \\$aY$d20230126
=FMT  \\$a  SE
=LAS  \\$aDEL-3PM$b00$c20230515$lBLL01$h0850
=LET  \0$aInternational journal of the Cardiovascular Academy (Electronic)
=MNI  \\$a2405-8181
=TOC  \\$aETOC

