=LDR  01953 as a2200457 i 4500
=001  017891376
=003  Uk
=005  20160623141927.0
=006  m\\\\\|\\d\|\\\\\\
=007  cr\|||||||||||
=008  970303d19952007at\fr\p\\\\\\\0\\\a0eng\\
=040  \\$aUk$beng$cUk$erda
=042  \\$aukblsr
=082  00$a909.097561$223
=245  00$aJournal of Iberian and Latin American studies.
=246  3\$aJILAS
=264  \1$aAdelaide :$bAssociation of Iberian and Latin American Studies of Australasia,
=264  31$a[Abingdon] :$bRoutledge, Taylor & Francis Group
=310  \\$aSemiannual
=336  \\$atext$2rdacontent
=337  \\$acomputer$2rdamedia
=338  \\$aonline resource$2rdacarrier
=362  1\$aPrint began with volume 1, issue 1/2 (1995) and ceased with volume 13, issue 2 (2007).
=515  \\$aSome numbers issued in combined form.
=550  \\$aOfficial journal of the Association of Iberian and Latin American Studies of Australasia (AILASA).
=588  \\$aDescription based on print version record.
=588  \\$aLatest issue consulted: volume 13, issue 2 (2007) (viewed June 23, 2016).
=650  \0$aCivilization, Hispanic$vPeriodicals.
=651  \0$aLatin America$vPeriodicals.
=651  \0$aSpain$vPeriodicals.
=651  \0$aPortugal$vPeriodicals.
=710  2\$aAssociation of Iberian and Latin American Studies of Australasia.
=776  08$iAlso issued in print as:$tJournal of Iberian and Latin American studies$x1326-0219
=785  00$tJournal of Iberian and Latin American research$x2151-9668
=859  \\$aELD$bejournal
=985  \\$a"Place holder" record to provide correct C/T links and 776 links. ISSN record on Portal does not recognise this title change, but PDFs viewed on Taylor & Francis online confirm the C/T.
=CAT  \\$a8483$b40$c20160623$lBLL01$h1419
=CAT  \\$aW1711-1005$c20171206$lBLL01$h1829
=FIN  \\$aY$d20160623
=FMT  \\$a  SE
=LAS  \\$aW1711-1005$b00$c20171206$lBLL01$h1829

