=LDR  00918 as a22003018i 4500
=001  017900061
=003  Uk
=005  20171023102536.0
=006  m\\\\\\\\d\|\\\\\\
=007  cr||||||||||||
=008  160630c20169999stkfr\p\o\\\\\0\\\a0eng\\
=022  0\$a2398-5313$202
=040  \\$aUk$beng$cUk$erda
=222  \0$aSteall$b(Online)
=245  00$aSteall.
=263  \\$a201609
=264  \1$aInverness :$bClar
=310  \\$aSemianual
=336  \\$atext$2rdacontent
=337  \\$acomputer$2rdamedia
=338  \\$aonline resource$2rdacarrier
=985  \\$aISSN UK Centre note: See also print version, ISSN 2398-5275 - please add 776 fields when completing online. ISSN UK, 23.10.2017.
=CAT  \\$a10973$b40$c20160630$lBLL01$h1428
=CAT  \\$a11313$b40$c20160711$lBLL01$h1323
=CAT  \\$a11313$b40$c20171023$lBLL01$h1025
=FMT  \\$a  SE
=LAS  \\$a11313$b40$c20171023$lBLL01$h1025
=LET  \0$aSteall (Electronic)

