=LDR  02603 as a22004815i 4500
=001  017919359
=003  Uk
=005  20201124143520.0
=006  m\\\\\|\\d\|\\\\\\
=007  cr\|||||||||||
=008  121101d20052017fr\gr\msos\\\i0\\\a0eng\d
=022  \\$a1999-0057
=024  7\$a10.1787/19990057$2doi
=035  \\$a(FR-PaOEC)19990057
=040  \\$aFR-PaOEC$beng$cFR-PaOEC$dUk
=222  \0$aOECD regions at a glance$b(Online)
=245  00$aOECD regions at a glance$h[electronic resource].
=264  \1$aParis :$bOECD Publishing
=310  \\$aBiennial
=336  \\$atext$2rdacontent
=337  \\$acomputer$2rdamedia
=338  \\$aonline resource$2rdacarrier
=520  3\$aNational growth tends to be driven by the dynamism of a small number of regions. OECD Regions at a Glance analyses and compares major territorial patterns and regional trends across OECD countries. It assesses the impact of regions on national growth. It identifies unused resources that can be mobilised to improve regional competitiveness. And it tackles more intangible factors that can make the difference: it shows how regions compete in terms of well-being (access to higher education, health services, safety etc.). Regions at a Glance presents over 30 indicators covering such variables as growth, employment, unemployment and crimein a reader-friendly format. Each indicator is illustrated by graphs and maps. A dynamic link (StatLink) is provided for each graph and map, which directs the user to a web page where the corresponding data are available in Excel.
=650  \4$aUrban, Rural and Regional Development
=650  \4$aGovernance
=775  0\$tPanorama des regions de l'OCDE$x1999-0073$efre
=785  00$tOECD regions and cities at a glance$x2617-3212
=856  40$uhttp://dx.doi.org/10.1787/19990057$yOECD Document$aoecd-ilibrary.org
=859  \\$aORR$bOrganisation for Economic Co-operation and Development
=985  \\$aDecision taken to leave all issues of print version of former title as monographs, ISSN 1999-0049.
=CAT  \\$aBATCH-OECD$b00$c20160707$lBLL01$h1712
=CAT  \\$aBATCH-UPD$b00$c20160707$lBLL01$h1717
=CAT  \\$aW1610-0368$c20161006$lBLL01$h0939
=CAT  \\$aW1606-1753$c20171029$lBLL01$h1351
=CAT  \\$a11205$b40$c20201124$lBLL01$h1337
=CAT  \\$a11205$b40$c20201124$lBLL01$h1339
=CAT  \\$a11205$b40$c20201124$lBLL01$h1421
=CAT  \\$a11205$b40$c20201124$lBLL01$h1432
=CAT  \\$a11205$b40$c20201124$lBLL01$h1435
=FIN  \\$aY$d20160707
=FMT  \\$a  SE
=LAS  \\$a11205$b40$c20201124$lBLL01$h1435
=SRC  \\$aOECD$bOECDbackfile.lex

