=LDR  01083 as a22003138i 4500
=001  017987053
=003  Uk
=005  20170724090311.0
=006  m\\\\\\\\d\|\\\\\\
=007  cr||||||||||||
=008  160824c20189999enkzx\m\o\\\\\0\\\a0eng\\
=022  0\$a2398-9874$202
=040  \\$aUk$beng$cUk$erda
=222  \0$aRenaissance Books Korean literature series$b(Online)
=245  00$aRenaissance Books Korean literature series.
=263  \\$a201801
=264  \1$aFolkestone, Kent :$bRenaissance Books
=310  \\$aTwo or three times a year
=336  \\$atext$2rdacontent
=337  \\$acomputer$2rdamedia
=338  \\$aonline resource$2rdacarrier
=985  \\$aISSN UK Centre: See also print version (ISSN 2398-9866), please add 776 to both records on completion.
=CAT  \\$a11205$b40$c20160824$lBLL01$h1130
=CAT  \\$a11130$b40$c20170207$lBLL01$h1146
=CAT  \\$a11130$b40$c20170724$lBLL01$h0850
=CAT  \\$a10973$b40$c20170724$lBLL01$h0903
=FMT  \\$a  SE
=LAS  \\$a10973$b40$c20170724$lBLL01$h0903
=LET  \0$aRenaissance Books Korean literature series (Electronic)

