=LDR  02616cas a2200673 i 4500
=001  018083031
=003  Uk
=005  20221231233931.0
=007  ta
=008  161101c20159999no\qr\p\\\\\\\0\\\a0eng\\
=022  \\$a2387-5844
=040  \\$aUk$beng$cUk$erda
=042  \\$aukblsr
=082  04$a554.81$223
=222  \0$aNorwegian journal of geology$b(Print ed.)
=245  00$aNorwegian journal of geology.
=264  \1$a[Trondheim] :$bGeological Society of Norway
=300  \\$billustrations (colour) ;$c30 cm
=310  \\$aQuarterly
=336  \\$atext$2rdacontent
=337  \\$aunmediated$2rdamedia
=338  \\$avolume$2rdacarrier
=362  1\$aBegan with volume 95, number 1 (2015).
=540  \\$aCurrent Copyright Fee: GBP25.00$c0$5Uk
=583  0\$aNot Selected
=588  \\$aDescription based on: volume 96, number 2 (2016).
=650  \0$aGeology$vPeriodicals.
=650  \0$aGeology$zNorway$vPeriodicals.
=710  2\$aNorsk geologisk forening,$eissuing body.
=780  00$tNorsk geologisk tidsskrift$x0029-196X
=979  \\$aBritish Library$bDSC
=985  \\$aISSN confirmed by Norway Centre. 4/11/16
=ACF  \\$aPrevious copyright fee: GBP15.00$c0$e20-jul-2017$fGBP15.00$g0$hA$5Uk
=ACF  \\$aPrevious Copyright Fee: GBP17.50$c0$e01-jan-2018$fGBP17.50$g0$hA$5Uk
=ACF  \\$aPrevious Copyright Fee: GBP20.00$c0$e01-jan-2020$fGBP20.00$g0$hA$5Uk
=CAT  \\$a8483$b40$c20161101$lBLL01$h1004
=CAT  \\$a8483$b40$c20161101$lBLL01$h1010
=CAT  \\$a8483$b40$c20161104$lBLL01$h1013
=CAT  \\$a8483$b40$c20161104$lBLL01$h1014
=CAT  \\$a8483$b40$c20161111$lBLL01$h1200
=CAT  \\$a8483$b40$c20161111$lBLL01$h1201
=CAT  \\$a6558$b40$c20170720$lBLL01$h0942
=CAT  \\$a5552$b40$c20170811$lBLL01$h0915
=CAT  \\$a5552$b40$c20170911$lBLL01$h1449
=CAT  \\$aBATCH-CLA$b00$c20171222$lBLL01$h2221
=CAT  \\$aIPL-CLA$c20171231$lBLL01$h1833
=CAT  \\$aBATCH-CLA$b00$c20191219$lBLL01$h1804
=CAT  \\$aIPL-CLA$c20191231$lBLL01$h2043
=CAT  \\$aR2001-1524$c20200127$lBLL01$h2108
=CAT  \\$aBATCH-CLA$b00$c20201204$lBLL01$h1616
=CAT  \\$aIPL-CLA$c20201231$lBLL01$h2348
=CAT  \\$aBATCH-CLA$b00$c20221221$lBLL01$h1933
=CAT  \\$aIPL-CLA$c20221231$lBLL01$h2339
=CFI  0\$aCurrent Copyright Fee: GBP25.00$c0$e01-jan-2023$fGBP25.00$g0$hA$5Uk
=CFI  2\$aPrevious Copyright Fee: GBP22.50$c0$e01-jan-2021$fGBP22.50$g0$hA$5Uk
=FIN  \\$aY$d20161101
=FMT  \\$a  SE
=LAS  \\$aIPL-CLA$b00$c20221231$lBLL01$h2339
=LKR  \\$aPAR$b012428528$lBLL01$nNorsk geologisk tidsskrift$mNorwegian journal of geology.$r78000

