=LDR  01209 as a2200361 i 4500
=001  018162743
=003  Uk
=005  20170104151712.0
=007  ta
=008  170104c19509999fr\br\p\\\\\\\0\\\b0baq\\
=040  \\$aUk$beng$cUk$erda
=042  \\$aukblsr
=082  04$a899.92$223
=245  00$aEuzko-Gogoa :$brevue bi-mestrielle culturelle.
=264  \1$aBayonne :$bDarracq,$c[1950]-
=300  \\$c18 cm
=310  \\$aBimonthly
=336  \\$atext$2rdacontent
=337  \\$aunmediated$2rdamedia
=338  \\$avolume$2rdacarrier
=588  \\$aDescription based on: Mars/Avril 1956-.
=588  \\$aLatest issue consulted: Janvier/Fevrier 1959.
=650  \0$aBasque language$vPeriodicals.
=650  \0$aBasque literature$vPeriodicals.
=650  \0$aBasques$xCivilization$vPeriodicals.
=650  \0$aBasques$xHistory$vPeriodicals.
=985  \\$aISSN 0421-8027 legacy record for this (?) title has place of pub. Guatemala. Some OCLC records state published in Guatemala until 1956
=CAT  \\$a8124$b40$c20170104$lBLL01$h1213
=CAT  \\$a8124$b40$c20170104$lBLL01$h1215
=CAT  \\$a8124$b40$c20170104$lBLL01$h1517
=FIN  \\$aY$d20170104
=FMT  \\$a  SE
=LAS  \\$a8124$b40$c20170104$lBLL01$h1517

