=LDR  00945 as a2200337 i 4500
=001  018169864
=003  Uk
=005  20170110151900.0
=007  ta
=008  170110c20159999at\fr\p\\\\\\\0\\\a0eng\\
=015  \\$aGBB702824$2bnb
=022  0\$a2203-465X
=040  \\$aUk$beng$cUk$erda
=042  \\$aukblsr
=082  04$a230.005$223
=245  00$aInterface theology.
=264  \1$aAdelaide :$bATF Theology,$c2015-
=300  \\$billustrations (black and white) ;$c24 cm
=310  \\$aSemiannual
=336  \\$atext$2rdacontent
=337  \\$aunmediated$2rdamedia
=338  \\$avolume$2rdacarrier
=362  0\$aVol. 1, no. 1 (2015)-
=530  \\$aAlso issued online.
=650  \0$aTheology$vPeriodicals.
=650  \0$aChristianity and culture$vPeriodicals.
=985  \\$aISSN still work record on portal 10/1/17
=CAT  \\$a8124$b40$c20170110$lBLL01$h1519
=FIN  \\$aY$d20170110
=FMT  \\$a  SE
=LAS  \\$a8124$b40$c20170110$lBLL01$h1519

