=LDR  00889 as a22002778i 4500
=001  018177017
=003  Uk
=005  20170113111714.0
=006  m\\\\\\\\d\|\\\\\\
=007  cr||||||||||||
=008  170113c20179999enkfr\p\o\\\\\0\\\a0eng\\
=022  0\$a2513-8316$202
=040  \\$aUk$beng$cUk$erda
=222  \0$aCambridge Central Asia reviews$b(Online)
=245  00$aCambridge Central Asia reviews.
=263  \\$a201702
=264  \1$aCambridge :$bCambridge Scientific Publishers
=310  \\$aSemiannual
=336  \\$atext$2rdacontent
=337  \\$acomputer$2rdamedia
=338  \\$aonline resource$2rdacarrier
=985  \\$aSee also print version, ISSN 2058-3672. Please add 776 fields when completing. ISSN UK, 13.01.2017.
=CAT  \\$a11313$b40$c20170113$lBLL01$h1117
=FMT  \\$a  SE
=LAS  \\$a11313$b40$c20170113$lBLL01$h1117
=LET  \0$aCambridge Central Asia reviews (Electronic)

