=LDR  00935 as a22002898i 4500
=001  018196062
=003  Uk
=005  20170216110357.0
=006  m\\\\\\\\d\|\\\\\\
=007  cr||||||||||||
=008  170130c20179999enkqr\p\o\\\\\0\\\a0eng\\
=022  0\$a2513-9568$202
=040  \\$aUk$beng$cUk$erda
=222  \0$aArgentina consumer & retail report
=245  00$aArgentina consumer & retail report.
=263  \\$a201707
=264  \1$aLondon :$bBMI Research
=310  \\$aQuarterly
=336  \\$atext$2rdacontent
=337  \\$acomputer$2rdamedia
=338  \\$aonline resource$2rdacarrier
=985  \\$aC/T from Argentina retail report ISSN 2395-9991 - please add 78X and LKR fields when completing. ISSN UK, 30.01.2017.
=CAT  \\$a11313$b40$c20170130$lBLL01$h1057
=CAT  \\$a11313$b40$c20170216$lBLL01$h1103
=FMT  \\$a  SE
=LAS  \\$a11313$b40$c20170216$lBLL01$h1103
=LET  \0$aArgentina consumer & retail report (Electronic)

