=LDR  00927 as a22002898i 4500
=001  018196070
=003  Uk
=005  20170216110536.0
=006  m\\\\\\\\d\|\\\\\\
=007  cr||||||||||||
=008  170130c20179999enkqr\p\o\\\\\0\\\a0eng\\
=022  0\$a2513-9584$202
=040  \\$aUk$beng$cUk$erda
=222  \0$aBahrain consumer & retail report
=245  00$aBahrain consumer & retail report.
=263  \\$a201707
=264  \1$aLondon :$bBMI Research
=310  \\$aQuarterly
=336  \\$atext$2rdacontent
=337  \\$acomputer$2rdamedia
=338  \\$aonline resource$2rdacarrier
=985  \\$aC/T from Bahrain retail report ISSN 2396-0000 - please add 78X and LKR fields when completing. ISSN UK, 30.01.2017.
=CAT  \\$a11313$b40$c20170130$lBLL01$h1104
=CAT  \\$a11313$b40$c20170216$lBLL01$h1105
=FMT  \\$a  SE
=LAS  \\$a11313$b40$c20170216$lBLL01$h1105
=LET  \0$aBahrain consumer & retail report (Electronic)

