=LDR  00923 as a22002898i 4500
=001  018196078
=003  Uk
=005  20170216111134.0
=006  m\\\\\\\\d\|\\\\\\
=007  cr||||||||||||
=008  170130c20179999enkqr\p\o\\\\\0\\\a0eng\\
=022  0\$a2513-9606$202
=040  \\$aUk$beng$cUk$erda
=222  \0$aBrazil consumer & retail report
=245  00$aBrazil consumer & retail report.
=263  \\$a201707
=264  \1$aLondon :$bBMI Research
=310  \\$aQuarterly
=336  \\$atext$2rdacontent
=337  \\$acomputer$2rdamedia
=338  \\$aonline resource$2rdacarrier
=985  \\$aC/T from Brazil retail report ISSN 2396-5851 - please add 78X and LKR fields when completing. ISSN UK, 30.01.2017.
=CAT  \\$a11313$b40$c20170130$lBLL01$h1111
=CAT  \\$a11313$b40$c20170216$lBLL01$h1111
=FMT  \\$a  SE
=LAS  \\$a11313$b40$c20170216$lBLL01$h1111
=LET  \0$aBrazil consumer & retail report (Electronic)

