=LDR  00953 as a22002898i 4500
=001  018196654
=003  Uk
=005  20170216113256.0
=006  m\\\\\\\\d\|\\\\\\
=007  cr||||||||||||
=008  170131c20179999enkqr\p\o\\\\\0\\\a0eng\\
=022  0\$a2513-969X$202
=040  \\$aUk$beng$cUk$erda
=222  \0$aCzech Republic consumer & retail report
=245  00$aCzech Republic consumer & retail report.
=263  \\$a201707
=264  \1$aLondon :$bBMI Research
=310  \\$aQuarterly
=336  \\$atext$2rdacontent
=337  \\$acomputer$2rdamedia
=338  \\$aonline resource$2rdacarrier
=985  \\$aC/T from Czech Republic retail report ISSN 2396-5916 - please add 78X and LKR fields when completing. ISSN UK, 31.01.2017
=CAT  \\$a7152$b40$c20170131$lBLL01$h1127
=CAT  \\$a11313$b40$c20170216$lBLL01$h1132
=FMT  \\$a  SE
=LAS  \\$a11313$b40$c20170216$lBLL01$h1132
=LET  \0$aCzech Republic consumer & retail report (Electronic)

