=LDR  01120 as a22003378i 4500
=001  018196698
=003  Uk
=005  20170216115015.0
=006  m\\\\\\\\d\|\\\\\\
=007  cr||||||||||||
=008  170131c20179999enkqr\p\o\\\\\0\\\a0eng\\
=022  0\$a2513-9428$202
=040  \\$aUk$beng$cUk$erda
=222  \0$aIsrael consumer & retail report
=245  00$aIsrael consumer & retail report.
=246  3\$aIsrael consumer and retail report
=263  \\$a201707
=264  \1$aLondon :$bBMI Research
=310  \\$aQuarterly
=336  \\$atext$2rdacontent
=337  \\$acomputer$2rdamedia
=338  \\$aonline resource$2rdacarrier
=985  \\$aISSN Centre note: C/T from: Israel retail report (Online) ISSN 2396-5975. Please add 78X/LKR fields on completion.
=CAT  \\$a11205$b40$c20170131$lBLL01$h1203
=CAT  \\$a11205$b40$c20170131$lBLL01$h1217
=CAT  \\$a11205$b40$c20170206$lBLL01$h1126
=CAT  \\$a11313$b40$c20170216$lBLL01$h1141
=CAT  \\$a11313$b40$c20170216$lBLL01$h1150
=FMT  \\$a  SE
=LAS  \\$a11313$b40$c20170216$lBLL01$h1150
=LET  \0$aIsrael consumer & retail report (Electronic)

