=LDR  00961 as a22003018i 4500
=001  018196714
=003  Uk
=005  20170216105620.0
=006  m\\\\\\\\d\|\\\\\\
=007  cr||||||||||||
=008  170131c20179999enkqr\p\o\\\\\0\\\a0eng\\
=022  0\$a2514-0213$202
=040  \\$aUk$beng$cUk$erda
=222  \0$aMexico consumer & retail report
=245  00$aMexico consumer & retail report.
=246  3\$aMexico consumer and retail report
=263  \\$a201707
=264  \1$aLondon :$bBMI Research
=310  \\$aQuarterly
=336  \\$atext$2rdacontent
=337  \\$acomputer$2rdamedia
=338  \\$aonline resource$2rdacarrier
=985  \\$aISSN Centre note: C/T from: Mexico retail report (Online) ISSN 2396-6009. Please add 78X/LKR fields on completion.
=CAT  \\$a11205$b40$c20170131$lBLL01$h1228
=CAT  \\$a11205$b40$c20170206$lBLL01$h1126
=CAT  \\$a10973$b40$c20170216$lBLL01$h1056
=FMT  \\$a  SE
=LAS  \\$a10973$b40$c20170216$lBLL01$h1056

