=LDR  00925 as a22002898i 4500
=001  018196804
=003  Uk
=005  20170216114008.0
=006  m\\\\\\\\d\|\\\\\\
=007  cr||||||||||||
=008  170131c20179999xxkqr\p\o\\\\\0\\\a0eng\\
=022  0\$a2513-9754$202
=040  \\$aUk$beng$cUk$erda
=222  \0$aHungary consumer & retail report
=245  00$aHungary consumer & retail report.
=263  \\$a201707
=264  \1$aLondon :$bBMI Research
=310  \\$aQuarterly
=336  \\$atext$2rdacontent
=337  \\$acomputer$2rdamedia
=338  \\$aonline resource$2rdacarrier
=985  \\$aC/T from Hungary retail report ISSN 2396-5940 - please add 78X and LKR fields when completing. ISSN UK, 31.01.2017
=CAT  \\$a7152$b40$c20170131$lBLL01$h1421
=CAT  \\$a11313$b40$c20170216$lBLL01$h1140
=FMT  \\$a  SE
=LAS  \\$a11313$b40$c20170216$lBLL01$h1140
=LET  \0$aHungary consumer & retail report (Electronic)

