=LDR  00874 as a22002898i 4500
=001  018198368
=003  Uk
=005  20170216110142.0
=006  m\\\\\\\\d\|\\\\\\
=007  cr||||||||||||
=008  170201c20179999enkqr\\\o\\\\\0\\\a0eng\\
=022  0\$a2514-0485$202
=040  \\$aUk$beng$cUk$erda
=222  \0$aRussia consumer & retail report
=245  00$aRussia consumer & retail report.
=263  \\$a201707
=264  \1$aLondon :$bBMI Research
=310  \\$aQuarterly
=336  \\$atext$2rdacontent
=337  \\$acomputer$2rdamedia
=338  \\$aonline resource$2rdacarrier
=985  \\$aC/T from ISSN 2396-605X Russia retail report. Please add links on completion.
=CAT  \\$a10806$b40$c20170201$lBLL01$h1416
=CAT  \\$a10806$b40$c20170201$lBLL01$h1417
=CAT  \\$a10973$b40$c20170216$lBLL01$h1101
=FMT  \\$a  SE
=LAS  \\$a10973$b40$c20170216$lBLL01$h1101

