=LDR  00843 as a22002778i 4500
=001  018198372
=003  Uk
=005  20170216110205.0
=006  m\\\\\\\\d\|\\\\\\
=007  cr||||||||||||
=008  170201c20179999enkqr\\\o\\\\\0\\\a0eng\\
=022  0\$a2514-0493$202
=040  \\$aUk$beng$cUk$erda
=222  \0$aSaudi Arabia consumer & retail report
=245  00$aSaudi Arabia consumer & retail report.
=263  \\$a201707
=264  \1$aLondon :$bBMI Research
=310  \\$aQuarterly
=336  \\$atext$2rdacontent
=337  \\$acomputer$2rdamedia
=338  \\$aonline resource$2rdacarrier
=985  \\$aC/T from ISSN 2396-6068 Saudi Arabia retail report. Please add links on completion.
=CAT  \\$a10806$b40$c20170201$lBLL01$h1421
=CAT  \\$a10973$b40$c20170216$lBLL01$h1102
=FMT  \\$a  SE
=LAS  \\$a10973$b40$c20170216$lBLL01$h1102

