=LDR  01013 as a22003018i 4500
=001  018212512
=003  Uk
=005  20170216110842.0
=006  m\\\\\\\\d\|\\\\\\
=007  cr||||||||||||
=008  170206c20179999enkqr\p\o\\\\\0\\\a0eng\\
=022  0\$a2514-0965$202
=040  \\$aUk$beng$cUk$erda
=222  \0$aUnited Arab Emirates consumer & retail report
=245  00$aUnited Arab Emirates consumer & retail report
=246  13$aUAE consumer & retail report
=246  3\$aUnited Arab Emirates consumer and retail report
=263  \\$a201707
=264  \1$aLondon :$bBMI Research
=310  \\$aQuarterly
=336  \\$atext$2rdacontent
=337  \\$acomputer$2rdamedia
=338  \\$aonline resource$2rdacarrier
=985  \\$aISSN UK Centre note: change of title from 'United Arab Emirates retail report' (ISSN 2396-6122). Please add 78X/LKR as necessary.
=CAT  \\$a10973$b40$c20170206$lBLL01$h0948
=CAT  \\$a10973$b40$c20170216$lBLL01$h1108
=FMT  \\$a  SE
=LAS  \\$a10973$b40$c20170216$lBLL01$h1108

