=LDR  00924 as a22002898i 4500
=001  018212521
=003  Uk
=005  20170216111122.0
=006  m\\\\\\\\d\|\\\\\\
=007  cr||||||||||||
=008  170206c20179999enkqr\p\o\\\\\0\\\a0eng\\
=022  0\$a2514-099X$202
=040  \\$aUk$beng$cUk$erda
=222  \0$aVenezuela consumer & retail report
=245  00$aVenezuela consumer & retail report
=246  3\$aVenezuela consumer and retail report
=263  \\$a201707
=264  \1$aLondon :$bBMI Research
=310  \\$aQuarterly
=336  \\$atext$2rdacontent
=337  \\$acomputer$2rdamedia
=338  \\$aonline resource$2rdacarrier
=985  \\$aISSN UK Centre note: change of title from 'Venezuela retail report' (ISSN 2396-6130). Please add 78X/LKR as necessary.
=CAT  \\$a10973$b40$c20170206$lBLL01$h0956
=CAT  \\$a10973$b40$c20170216$lBLL01$h1111
=FMT  \\$a  SE
=LAS  \\$a10973$b40$c20170216$lBLL01$h1111

