=LDR  00834 as a22002658i 4500
=001  018251424
=003  Uk
=005  20170308133725.0
=006  m\\\\\\\\d\|\\\\\\
=007  cr||||||||||||
=008  170308c20179999enkqr\p\o\\\\\0\\\a0eng\\
=022  0\$a2514-4200$202
=040  \\$aUk$beng$cUk$erda
=222  \0$aKazakhstan country risk report
=245  00$aKazakhstan country risk report.
=263  \\$a201704
=264  \1$aLondon :$bBMI Research
=310  \\$aQuarterly
=336  \\$atext$2rdacontent
=337  \\$acomputer$2rdamedia
=338  \\$aonline resource$2rdacarrier
=985  \\$aISSN UK Centre note: continues in part 'Kazakhstan & Central Asia country risk report' (ISSN 2057-987X), please add 78X/LKR as necessary.
=CAT  \\$a10973$b40$c20170308$lBLL01$h1337
=FMT  \\$a  SE
=LAS  \\$a10973$b40$c20170308$lBLL01$h1337

