=LDR  00806 as a22002658i 4500
=001  018251479
=003  Uk
=005  20170308143844.0
=006  m\\\\\\\\d\|\\\\\\
=007  cr||||||||||||
=008  170308c20179999enkqr\p\o\\\\\0\\\a0eng\\
=022  0\$a2514-4332$202
=040  \\$aUk$beng$cUk$erda
=222  \0$aArmenia country risk report
=245  00$aArmenia country risk report.
=263  \\$a201704
=264  \1$aLondon :$bBMI Research
=310  \\$aQuarterly
=336  \\$atext$2rdacontent
=337  \\$acomputer$2rdamedia
=338  \\$aonline resource$2rdacarrier
=985  \\$aISSN UK Centre: continues in part 'Caucasus country risk report' (ISSN 2057-9578). Please add 78X/LKR as necessary.
=CAT  \\$a10973$b40$c20170308$lBLL01$h1438
=FMT  \\$a  SE
=LAS  \\$a10973$b40$c20170308$lBLL01$h1438

