=LDR  00975 as a22003018i 4500
=001  018262176
=003  Uk
=005  20170426110826.0
=006  m\\\\\\\\d\|\\\\\\
=007  cr||||||||||||
=008  170314c20179999enker\p\o\\\\\0\\\a0eng\\
=022  0\$a2514-4065$202
=040  \\$aUk$beng$cUk$erda
=222  \0$aFairplay$b(2017. Online)
=245  00$aFairplay.
=263  \\$a201703
=264  \1$aCoulsdon, Surrey :$bIHS Global Ltd
=310  \\$aBiweekly
=336  \\$atext$2rdacontent
=337  \\$acomputer$2rdamedia
=338  \\$aonline resource$2rdacarrier
=985  \\$aC/T from 'IHS Fairplay' ISSN 2397-2998. Please add links and confirm title reversion, including 130. Also add links to print version (2514-4057) when completing.
=CAT  \\$a10806$b40$c20170314$lBLL01$h1104
=CAT  \\$a10806$b40$c20170314$lBLL01$h1200
=CAT  \\$a8124$b40$c20170426$lBLL01$h1108
=FMT  \\$a  SE
=LAS  \\$a8124$b40$c20170426$lBLL01$h1108
=LET  \0$aFairplay (Electronic)

