=LDR  04814cas a2201045 i 4500
=001  018266992
=003  Uk
=005  20220930161744.0
=006  m\\\\\o\\d\\\\\\\\
=007  cr\|||||||||||
=008  150202c20169999nyuqr\p\o\\\\\0\\\a0eng\\
=010  \\$a  2015200109
=022  0\$a2377-2166$21
=035  \\$a(OCoLC)902640585
=040  \\$aDLC$beng$cDLC$dOCLCO$dDLC$dOCLCQ$dOCLCO$dOCLCF$dOCLCO$dUk$erda
=042  \\$aukblsr
=050  \4$aTA329$b.J68
=082  04$a620.00151$223
=245  00$aJournal of verification, validation and uncertainty quantification.
=246  13$aTransactions of the ASME, Journal of verification, validation and uncertainty quantification
=246  30$aJVVUQ
=264  \1$aNew York, NY :$bAmerican Society of Mechanical Engineers,$c[2016]-
=310  \\$aQuarterly
=336  \\$atext$2rdacontent
=337  \\$acomputer$2rdamedia
=338  \\$aonline resource$2rdacarrier
=362  1\$aBegan with vol. 1, no. 1 (March 2016).
=540  \\$aCurrent copyright fee: GBP25.00$c123\0$5Uk
=588  \\$aDescription based on: Vol. 1, no. 1 (March 2016); title from cover.
=588  \\$aLatest issue consulted: volume 1, issue 4 (December 2016); ASME Digital Collection; viewed March 17, 2017.
=650  \0$aEngineering mathematics$vPeriodicals.
=650  \0$aEngineering$xData processing$vPeriodicals.
=650  \0$aEngineering$xMathematical models$vPeriodicals.
=650  \7$aEngineering$xData processing.$2fast$0(OCoLC)fst00910334
=650  \7$aEngineering$xMathematical models.$2fast$0(OCoLC)fst00910373
=650  \7$aEngineering mathematics.$2fast$0(OCoLC)fst00910601
=655  \7$aPeriodicals.$2fast$0(OCoLC)fst01411641
=710  2\$aAmerican Society of Mechanical Engineers,$eissuing body,$epublisher.
=776  08$iAlso issued in print as:$tJournal of verification, validation and uncertainty quantification$x2377-2158
=856  \\$31850-9999$uhttps://www.asme.org/$xBLDSS
=856  40$uhttp://verification.asmedigitalcollection.asme.org/journal.aspx?journalid=176
=859  \\$aORR$bejournal
=945  \\$aJournal of verification, validation and uncertainty quantification.
=959  \\$fCurrently received
=985  \\$aWork record on ISSN Potal; please add key title when validated.
=ACF  \\$aPrevious Copyright Fee: GBP24.00$c123\0$e30-mar-2017$fGBP24.00$g0$hP$5Uk
=ACF  \\$aPrevious copyright fee: GBP23.08$c123\0$e01-oct-2017$fGBP23.08$g0$hP$5Uk
=ACF  \\$aPrevious copyright fee: GBP21.43$c123\0$e01-apr-2018$fGBP21.43$g0$hP$5Uk
=ACF  \\$aPrevious copyright fee: GBP23.08$c123\0$e01-oct-2018$fGBP23.08$g0$hP$5Uk
=ACF  \\$aPrevious copyright fee: GBP24.00$c123\0$e01-oct-2019$fGBP24.00$g0$hP$5Uk
=ACF  \\$aPrevious copyright fee: GBP23.08$c123\0$e01-apr-2020$fGBP23.08$g0$hP$5Uk
=ACF  \\$aPrevious copyright fee: GBP24.00$c123\0$e01-jul-2020$fGBP24.00$g0$hP$5Uk
=ACF  \\$aPrevious copyright fee: GBP22.22$c123\0$e01-apr-2021$fGBP22.22$g0$hP$5Uk
=ACF  \\$aPrevious copyright fee: GBP21.43$c123\0$e07-jul-2021$fGBP21.43$g0$hP$5Uk
=CAT  \\$a11205$b40$c20170317$lBLL01$h1138
=CAT  \\$aBLDSS-3PM$b00$c20170405$lBLL01$h1059
=CAT  \\$aBATCH-UPD$b00$c20170405$lBLL01$h1102
=CAT  \\$a8335$b40$c20170616$lBLL01$h1321
=CAT  \\$aBATCH-UPD$b40$c20170904$lBLL01$h1759
=CAT  \\$a12654$b40$c20170925$lBLL01$h1449
=CAT  \\$aIPL-CLA$c20170929$lBLL01$h1815
=CAT  \\$aBATCH-UPD$b00$c20180223$lBLL01$h1608
=CAT  \\$aIPL-CLA$c20180331$lBLL01$h1721
=CAT  \\$a6946$b40$c20180411$lBLL01$h1455
=CAT  \\$aBATCH-UPD$b40$c20180823$lBLL01$h1918
=CAT  \\$aIPL-CLA$c20180930$lBLL01$h1521
=CAT  \\$aBATCH-UPD$b00$c20190829$lBLL01$h1504
=CAT  \\$aIPL-CLA$c20190930$lBLL01$h1658
=CAT  \\$aBATCH-UPD$b00$c20200219$lBLL01$h1448
=CAT  \\$aIPL-CLA$c20200331$lBLL01$h1637
=CAT  \\$aBATCH-UPD$b00$c20200522$lBLL01$h1437
=CAT  \\$aIPL-CLA$c20200701$lBLL01$h0123
=CAT  \\$aBATCH-UPD$b00$c20210226$lBLL01$h1018
=CAT  \\$aIPL-CLA$c20210331$lBLL01$h1909
=CAT  \\$aBATCH-UPD$b00$c20210707$lBLL01$h1542
=CAT  \\$aIPL-CLA$c20210707$lBLL01$h2008
=CAT  \\$aBATCH-UPD$b00$c20220520$lBLL01$h1615
=CAT  \\$aIPL-CLA$c20220630$lBLL01$h1730
=CAT  \\$aBATCH-UPD$b00$c20220824$lBLL01$h0845
=CAT  \\$aIPL-CLA$c20220930$lBLL01$h1617
=CFI  0\$aCurrent copyright fee: GBP25.00$c123\0$e01-oct-2022$fGBP25.00$g0$hP$5Uk
=CFI  2\$aPrevious copyright fee: GBP24.00$c123\0$e01-jul-2022$fGBP24.00$g0$hP$5Uk
=FFP  \\$aY$bBLDSS-3PM
=FIN  \\$aY$d20170317
=FMT  \\$a  SE
=LAS  \\$aIPL-CLA$b00$c20220930$lBLL01$h1617
=LET  \0$aJournal of verification, validation and uncertainty quantification (Electronic)
=MNI  \\$a2377-2158
=SID  \\$aZ39$bOCLC
=UNO  \\$aY

