=LDR  04512cas a2200997 i 4500
=001  018268260
=003  Uk
=005  20220930161744.0
=006  m\\\\\|\\d\|\\\\\\
=007  cr\|||||||||||
=008  170320c19749999nyubr\p\o\\\\\0\\\a0eng\\
=022  0\$a1528-8978
=040  \\$aUk$beng$cUk$erda
=042  \\$aukblsr
=082  04$a681.76041$223
=210  0\$aJ. press. vessel technol.$b(Online)
=222  \0$aJournal of pressure vessel technology$b(Online)
=245  00$aJournal of pressure vessel technology.
=246  30$aPressure vessel technology
=246  13$aTransactions of the ASME. Series J. Journal of pressure vessel technology
=264  \1$a[New York] :$bASME, The American Society of Mechanical Engineers,$c[1974]-
=310  \\$aBimonthly,$b2009-
=321  \\$aQuarterly,$b<-2008
=336  \\$atext$2rdacontent
=337  \\$acomputer$2rdamedia
=338  \\$aonline resource$2rdacarrier
=362  1\$aPrint began in 1974.
=490  1\$aTransactions of the ASME ;$vser. J
=540  \\$aCurrent copyright fee: GBP25.00$c123\0$5Uk
=588  \\$aDescription based on print version record.
=588  \\$aLatest issue consulted: volume 139, issue 2 (April 2017); ASME Digital Collection, viewed March 20, 2017.
=650  \0$aPressure vessels$vPeriodicals.
=710  2\$aAmerican Society of Mechanical Engineers.
=776  08$iAlso issued in print as:$tJournal of pressure vessel technology$x0094-9930
=830  \0$aTransactions of the ASME (1959) ;$vser. J.
=856  \\$31850-9999$uhttps://www.asme.org/$xBLDSS
=856  40$uhttp://pressurevesseltech.asmedigitalcollection.asme.org/journal.aspx
=859  \\$aORR$bejournal
=945  \0$aJournal of pressure vessel technology
=959  \\$fCurrently received
=985  \\$aUnable to reconcile local Document Supply title history with current title information and ISSN history.
=ACF  \\$aPrevious Copyright Fee: GBP24.00$c123\0$e30-mar-2017$fGBP24.00$g0$hP$5Uk
=ACF  \\$aPrevious copyright fee: GBP23.08$c123\0$e01-oct-2017$fGBP23.08$g0$hP$5Uk
=ACF  \\$aPrevious copyright fee: GBP21.43$c123\0$e01-apr-2018$fGBP21.43$g0$hP$5Uk
=ACF  \\$aPrevious copyright fee: GBP23.08$c123\0$e01-oct-2018$fGBP23.08$g0$hP$5Uk
=ACF  \\$aPrevious copyright fee: GBP24.00$c123\0$e01-oct-2019$fGBP24.00$g0$hP$5Uk
=ACF  \\$aPrevious copyright fee: GBP23.08$c123\0$e01-apr-2020$fGBP23.08$g0$hP$5Uk
=ACF  \\$aPrevious copyright fee: GBP24.00$c123\0$e01-jul-2020$fGBP24.00$g0$hP$5Uk
=ACF  \\$aPrevious copyright fee: GBP22.22$c123\0$e01-apr-2021$fGBP22.22$g0$hP$5Uk
=ACF  \\$aPrevious copyright fee: GBP21.43$c123\0$e07-jul-2021$fGBP21.43$g0$hP$5Uk
=CAT  \\$a11205$b40$c20170320$lBLL01$h1225
=CAT  \\$a5552$b40$c20170330$lBLL01$h0942
=CAT  \\$aBLDSS-3PM$b00$c20170405$lBLL01$h1059
=CAT  \\$aBATCH-UPD$b00$c20170405$lBLL01$h1102
=CAT  \\$aBATCH-UPD$b00$c20170904$lBLL01$h1759
=CAT  \\$a12654$b40$c20170925$lBLL01$h1142
=CAT  \\$aIPL-CLA$c20170929$lBLL01$h1815
=CAT  \\$aBATCH-UPD$b00$c20180223$lBLL01$h1608
=CAT  \\$aIPL-CLA$c20180331$lBLL01$h1721
=CAT  \\$a6946$b40$c20180411$lBLL01$h1526
=CAT  \\$aBATCH-UPD$b40$c20180823$lBLL01$h1918
=CAT  \\$aIPL-CLA$c20180930$lBLL01$h1521
=CAT  \\$aBATCH-UPD$b00$c20190829$lBLL01$h1504
=CAT  \\$aIPL-CLA$c20190930$lBLL01$h1658
=CAT  \\$aBATCH-UPD$b00$c20200219$lBLL01$h1448
=CAT  \\$aIPL-CLA$c20200331$lBLL01$h1637
=CAT  \\$aBATCH-UPD$b00$c20200522$lBLL01$h1437
=CAT  \\$aIPL-CLA$c20200701$lBLL01$h0123
=CAT  \\$aBATCH-UPD$b00$c20210226$lBLL01$h1018
=CAT  \\$aIPL-CLA$c20210331$lBLL01$h1909
=CAT  \\$aBATCH-UPD$b00$c20210707$lBLL01$h1542
=CAT  \\$aIPL-CLA$c20210707$lBLL01$h2008
=CAT  \\$aBATCH-UPD$b00$c20220520$lBLL01$h1615
=CAT  \\$aIPL-CLA$c20220630$lBLL01$h1730
=CAT  \\$aBATCH-UPD$b00$c20220824$lBLL01$h0845
=CAT  \\$aIPL-CLA$c20220930$lBLL01$h1617
=CFI  0\$aCurrent copyright fee: GBP25.00$c123\0$e01-oct-2022$fGBP25.00$g0$hP$5Uk
=CFI  2\$aPrevious copyright fee: GBP24.00$c123\0$e01-jul-2022$fGBP24.00$g0$hP$5Uk
=FFP  \\$aY$bBLDSS-3PM
=FIN  \\$aY$d20170320
=FMT  \\$a  SE
=LAS  \\$aIPL-CLA$b00$c20220930$lBLL01$h1617
=LET  \0$aJournal of pressure vessel technology (Electronic)
=LKR  \\$aPAR$b011140455$lBLL01$nJournal of pressure vessel technology (Print)$mJournal of pressure vessel technology (Online)$r776
=MNI  \\$a0094-9930
=UNO  \\$aY

