=LDR  04582cas a2200997 i 4500
=001  018268421
=003  Uk
=005  20220930161744.0
=006  m\\\\\|\\d\|\\\\\\
=007  cr\|||||||||||
=008  170320c19789999nyumr\p\o\\\\\0\\\a0eng\\
=022  0\$a1528-8943
=040  \\$aUk$beng$cUk$erda
=042  \\$aukblsr
=082  04$a621.4022$223
=210  0\$aJ. heat transfer$b(Online)
=222  \0$aJournal of heat transfer$b(Online)
=245  00$aTransactions of the ASME.$pJournal of heat transfer.
=246  1\$iAlso known as:$aJournal of heat transfer
=264  \1$a[New York] :$bASME, The American Society of Mechanical Engineers,$c[1978]
=310  \\$aMonthly,$b2005-
=321  \\$aQuarterly,$b1978-2000
=321  \\$aBimonthly,$b2001-2004
=336  \\$atext$2rdacontent
=337  \\$acomputer$2rdamedia
=338  \\$aonline resource$2rdacarrier
=362  1\$aPrint began in 1978.
=540  \\$aCurrent copyright fee: GBP25.00$c123\0$5Uk
=580  \\$aIncludes issues of earlier title: Transactions of the ASME. Series C, Journal of heat transfer.
=588  \\$aDescription based on print version record.
=588  \\$aLatest issue consulted: volume 139, issue 4 (April 2017); ASME Digital Collection, viewed March 20, 2017.
=650  \0$aHeat$xTransmission$vPeriodicals.
=710  2\$aAmerican Society of Mechanical Engineers.
=776  08$iAlso issued in print as:$tTransactions of the ASME. Journal of heat transfer$x0022-1481
=780  10$tTransactions of the ASME. Series C, Journal of heat transfer (Online)
=856  \\$31850-9999$uhttps://www.asme.org/$xBLDSS
=856  40$uhttp://heattransfer.asmedigitalcollection.asme.org/journal.aspx?journalid=124
=859  \\$aORR$bejournal
=945  \\$aJournal of heat transfer
=959  \\$fCurrently received
=985  \\$aUnable to reconcile local Document Supply title history with ISSN history of title.
=ACF  \\$aPrevious Copyright Fee: GBP24.00$c123\0$e30-mar-2017$fGBP24.00$g0$hP$5Uk
=ACF  \\$aPrevious copyright fee: GBP23.08$c123\0$e01-oct-2017$fGBP23.08$g0$hP$5Uk
=ACF  \\$aPrevious copyright fee: GBP21.43$c123\0$e01-apr-2018$fGBP21.43$g0$hP$5Uk
=ACF  \\$aPrevious copyright fee: GBP23.08$c123\0$e01-oct-2018$fGBP23.08$g0$hP$5Uk
=ACF  \\$aPrevious copyright fee: GBP24.00$c123\0$e01-oct-2019$fGBP24.00$g0$hP$5Uk
=ACF  \\$aPrevious copyright fee: GBP23.08$c123\0$e01-apr-2020$fGBP23.08$g0$hP$5Uk
=ACF  \\$aPrevious copyright fee: GBP24.00$c123\0$e01-jul-2020$fGBP24.00$g0$hP$5Uk
=ACF  \\$aPrevious copyright fee: GBP22.22$c123\0$e01-apr-2021$fGBP22.22$g0$hP$5Uk
=ACF  \\$aPrevious copyright fee: GBP21.43$c123\0$e07-jul-2021$fGBP21.43$g0$hP$5Uk
=CAT  \\$a11205$b40$c20170320$lBLL01$h1538
=CAT  \\$aBLDSS-3PM$b00$c20170405$lBLL01$h1059
=CAT  \\$aBATCH-UPD$b00$c20170405$lBLL01$h1102
=CAT  \\$aBATCH-UPD$b00$c20170904$lBLL01$h1759
=CAT  \\$a12654$b40$c20170925$lBLL01$h0734
=CAT  \\$a12654$b40$c20170925$lBLL01$h0807
=CAT  \\$aIPL-CLA$c20170929$lBLL01$h1815
=CAT  \\$aBATCH-UPD$b00$c20180223$lBLL01$h1608
=CAT  \\$aIPL-CLA$c20180331$lBLL01$h1721
=CAT  \\$a6946$b40$c20180411$lBLL01$h1523
=CAT  \\$aBATCH-UPD$b40$c20180823$lBLL01$h1918
=CAT  \\$aIPL-CLA$c20180930$lBLL01$h1521
=CAT  \\$aBATCH-UPD$b00$c20190829$lBLL01$h1504
=CAT  \\$aIPL-CLA$c20190930$lBLL01$h1658
=CAT  \\$aBATCH-UPD$b00$c20200219$lBLL01$h1448
=CAT  \\$aIPL-CLA$c20200331$lBLL01$h1637
=CAT  \\$aBATCH-UPD$b00$c20200522$lBLL01$h1437
=CAT  \\$aIPL-CLA$c20200701$lBLL01$h0123
=CAT  \\$aBATCH-UPD$b00$c20210226$lBLL01$h1018
=CAT  \\$aIPL-CLA$c20210331$lBLL01$h1909
=CAT  \\$aBATCH-UPD$b00$c20210707$lBLL01$h1542
=CAT  \\$aIPL-CLA$c20210707$lBLL01$h2008
=CAT  \\$aBATCH-UPD$b00$c20220520$lBLL01$h1615
=CAT  \\$aIPL-CLA$c20220630$lBLL01$h1730
=CAT  \\$aBATCH-UPD$b00$c20220824$lBLL01$h0845
=CAT  \\$aIPL-CLA$c20220930$lBLL01$h1617
=CFI  0\$aCurrent copyright fee: GBP25.00$c123\0$e01-oct-2022$fGBP25.00$g0$hP$5Uk
=CFI  2\$aPrevious copyright fee: GBP24.00$c123\0$e01-jul-2022$fGBP24.00$g0$hP$5Uk
=FFP  \\$aY$bBLDSS-3PM
=FIN  \\$aY$d20170320
=FMT  \\$a  SE
=LAS  \\$aIPL-CLA$b00$c20220930$lBLL01$h1617
=LET  \0$aTransactions of the ASME. Journal of heat transfer (Electronic)
=LKR  \\$aPAR$b011140449$lBLL01$nTransactions of the ASME. Journal of heat transfer (Print)$mTransactions of the ASME. Journal of heat transfer (Online)$r776
=MNI  \\$a0022-1481
=UNO  \\$aY

