=LDR  00913 as a22002778i 4500
=001  018290180
=003  Uk
=005  20170405093831.0
=006  m\\\\\\\\d\|\\\\\\
=007  cr||||||||||||
=008  170405c20179999enkqr\p\o\\\\\0\\\a0eng\\
=022  0\$a2514-5118$202
=040  \\$aUk$beng$cUk$erda
=222  \0$aUkraine banking & financial services report
=245  00$aUkraine banking & financial services report.
=246  3\$aUkraine banking and financial services report
=263  \\$a201710
=264  \1$aLondon :$bBMI Research
=310  \\$aQuarterly
=336  \\$atext$2rdacontent
=337  \\$acomputer$2rdamedia
=338  \\$aonline resource$2rdacarrier
=985  \\$aISSN UK Centre note: change of title from 'Ukraine commercial banking report' (ISSN 2396-0582). Please add 78X/LKR as necessary.
=CAT  \\$a10973$b40$c20170405$lBLL01$h0938
=FMT  \\$a  SE
=LAS  \\$a10973$b40$c20170405$lBLL01$h0938

