=LDR  00968 as a22002898i 4500
=001  018292687
=003  Uk
=005  20170406135121.0
=006  m\\\\\\\\d\|\\\\\\
=007  cr||||||||||||
=008  170406c20179999enkqr\p\o\\\\\0\\\a0eng\\
=022  0\$a2514-6300$202
=040  \\$aUk$beng$cUk$erda
=222  \0$aCanada banking & financial services report
=245  00$aCanada banking & financial services report.
=246  3\$aCanada banking and financial services report
=263  \\$a201707
=264  \1$aLondon :$bBMI Research
=310  \\$aQuarterly
=336  \\$atext$2rdacontent
=337  \\$acomputer$2rdamedia
=338  \\$aonline resource$2rdacarrier
=985  \\$aISSN UK Centre note: C/T from ISSN 2396-0116 - please add 78X and LKR fields when completing. ISSN UK, 06.04.2017.
=CAT  \\$a11313$b40$c20170406$lBLL01$h1351
=FMT  \\$a  SE
=LAS  \\$a11313$b40$c20170406$lBLL01$h1351
=LET  \0$aCanada banking & financial services report (Electronic)

