=LDR  00976 as a22002898i 4500
=001  018296870
=003  Uk
=005  20170410134842.0
=006  m\\\\\\\\d\|\\\\\\
=007  cr||||||||||||
=008  170410c20179999enkqr\p\o\\\\\0\\\a0eng\\
=022  0\$a2514-7250$202
=040  \\$aUk$beng$cUk$erda
=222  \0$aMalaysia banking & financial services report
=245  00$aMalaysia banking & financial services report.
=246  3\$aMalaysia banking and financial services report
=263  \\$a201710
=264  \1$aLondon :$bBMI Research
=310  \\$aQuarterly
=336  \\$atext$2rdacontent
=337  \\$acomputer$2rdamedia
=338  \\$aonline resource$2rdacarrier
=985  \\$aISSN UK Centre note: C/T from ISSN 2396-0361 - please add 78X and LKR fields when completing. ISSN UK, 10.04.2017.
=CAT  \\$a11313$b40$c20170410$lBLL01$h1348
=FMT  \\$a  SE
=LAS  \\$a11313$b40$c20170410$lBLL01$h1348
=LET  \0$aMalaysia banking & financial services report (Electronic)

