=LDR  00977 as a22002898i 4500
=001  018297166
=003  Uk
=005  20170410154333.0
=006  m\\\\\\\\d\|\\\\\\
=007  cr||||||||||||
=008  170410c20179999enkqr\p\o\\\\\0\\\a0eng\\
=022  0\$a2514-7285$202
=040  \\$aUk$beng$cUk$erda
=222  \0$aMozambique banking & financial services report
=245  00$aMozambique banking & financial services report.
=246  3\$aMozambique banking and financial services
=263  \\$a201707
=264  \1$aLondon :$bBMI Research
=310  \\$aQuarterly
=336  \\$atext$2rdacontent
=337  \\$acomputer$2rdamedia
=338  \\$aonline resource$2rdacarrier
=985  \\$aISSN UK Centre note: C/T from ISSN 2053-2970 - please add 78X and LKR fields when completing. ISSN UK, 10.04.2017.
=CAT  \\$a11313$b40$c20170410$lBLL01$h1543
=FMT  \\$a  SE
=LAS  \\$a11313$b40$c20170410$lBLL01$h1543
=LET  \0$aMozambique banking & financial services report (Electronic)

