=LDR  00968 as a22002898i 4500
=001  018298108
=003  Uk
=005  20170411125235.0
=006  m\\\\\\\\d\|\\\\\\
=007  cr||||||||||||
=008  170411c20179999enkqr\p\o\\\\\0\\\a0eng\\
=022  0\$a2514-7412$202
=040  \\$aUk$beng$cUk$erda
=222  \0$aSerbia banking & financial services report
=245  00$aSerbia banking & financial services report.
=246  3\$aSerbia banking and financial services report
=263  \\$a201710
=264  \1$aLondon :$bBMI Research
=310  \\$aQuarterly
=336  \\$atext$2rdacontent
=337  \\$acomputer$2rdamedia
=338  \\$aonline resource$2rdacarrier
=985  \\$aISSN UK Centre note: C/T from ISSN 2054-586X - please add 78X and LKR fields when completing. ISSN UK, 11.04.2017.
=CAT  \\$a11313$b40$c20170411$lBLL01$h1252
=FMT  \\$a  SE
=LAS  \\$a11313$b40$c20170411$lBLL01$h1252
=LET  \0$aSerbia banking & financial services report (Electronic)

