=LDR  01181 as a22003378i 4500
=001  018413034
=003  Uk
=005  20190307143033.0
=006  m\\\\\\\\d\|\\\\\\
=007  cr||||||||||||
=008  170706c20199999enkmr\p\o\\\\\0\\\a0eng\\
=022  0\$a2515-3188$202
=040  \\$aUk$beng$cUk$erda
=222  \0$aCovet magazine$b(Online)
=245  00$aCovet magazine.
=263  \\$a201905
=264  \1$aIlford :$bCovet Publications
=310  \\$aMonthly
=336  \\$atext$2rdacontent
=337  \\$acomputer$2rdamedia
=338  \\$aonline resource$2rdacarrier
=776  08$iAlso issued in print as:$tCovet magazine$x2515-317X
=985  \\$aISSN UK Centre note: Originally applied for using the publisher name Vogue Africa. Changed to Covet Publications, 17.09.2018.
=985  \\$aISSN UK Centre note: title changed in advance of publication from 'Vogue Africa' to 'Covet magazine'.
=CAT  \\$a11313$b40$c20170706$lBLL01$h1340
=CAT  \\$a11130$b40$c20171204$lBLL01$h1107
=CAT  \\$a11313$b40$c20180917$lBLL01$h1118
=CAT  \\$a10973$b40$c20190307$lBLL01$h1430
=FMT  \\$a  SE
=LAS  \\$a10973$b40$c20190307$lBLL01$h1430
=LET  \0$aCovet magazine (Electronic)

