=LDR  01015 as a22002778i 4500
=001  018429275
=003  Uk
=005  20170717154213.0
=006  m\\\\\\\\d\|\\\\\\
=007  cr||||||||||||
=008  170717c20179999enktr\p\o\\\\\0\\\a0eng\\
=022  0\$a2515-4400$202
=040  \\$aUk$beng$cUk$erda
=222  \4$aThe higher education journal of learning and teaching
=245  04$aThe higher education journal of learning and teaching.
=263  \\$a201707
=264  \1$aWheatley :$bOxford Centre for Staff and Learning Development, Oxford Brookes University
=310  \\$aThree issues yearly
=336  \\$atext$2rdacontent
=337  \\$acomputer$2rdamedia
=338  \\$aonline resource$2rdacarrier
=985  \\$aISSN UK Centre note: C/T from ISSN 1744-7747 - please add 78X and LKR fields when completing. ISSN UK, 17.07.2017.
=CAT  \\$a11313$b40$c20170717$lBLL01$h1542
=FMT  \\$a  SE
=LAS  \\$a11313$b40$c20170717$lBLL01$h1542
=LET  \4$aThe higher education journal of learning and teaching (Electronic)

