=LDR  00937 as a22003138i 4500
=001  018508039
=003  Uk
=005  20170912103300.0
=006  m\\\\\\\\d\|\\\\\\
=007  cr||||||||||||
=008  170912c20179999enkbr\p\o\\\\\0\\\a0eng\\
=022  0\$a2515-6675$202
=040  \\$aUk$beng$cUk$erda
=222  \0$aFROW magazine$b(Online)
=245  00$aFROW magazine.
=246  3\$aFront row magazine
=263  \\$a201710
=264  \1$aBirmingham :$bL. Grant
=310  \\$aBimonthly
=336  \\$atext$2rdacontent
=337  \\$acomputer$2rdamedia
=338  \\$aonline resource$2rdacarrier
=776  08$iAlso issued in print as:$tFROW magazine$x2515-6667
=985  \\$aC/T from 'Curvaceous Inc.', ISSN 2057-6854. Please link on completion.
=CAT  \\$a10806$b40$c20170912$lBLL01$h1000
=CAT  \\$a10806$b40$c20170912$lBLL01$h1033
=FMT  \\$a  SE
=LAS  \\$a10806$b40$c20170912$lBLL01$h1033
=LET  \0$aFROW magazine (Electronic)

