=LDR  00922 as a22002898i 4500
=001  018687275
=003  Uk
=005  20180123113653.0
=006  m\\\\\\\\d\|\\\\\\
=007  cr||||||||||||
=008  180119c20179999enkmr\p\o\\\\\0\\\a0eng\\
=022  0\$a2516-2489$202
=040  \\$aUk$beng$cUk$erda
=222  \0$aWhat's hot London?$b(Online)
=245  00$aWhat's hot London?
=263  \\$a201803
=264  \1$aLondon :$bFortuna Ventures Limited
=310  \\$aMonthly
=336  \\$atext$2rdacontent
=337  \\$acomputer$2rdamedia
=338  \\$aonline resource$2rdacarrier
=985  \\$aISSN UK Centre note: Not yet available online; see also print version (ISSN 2516-2233). Please add 776 to both records on completion.
=CAT  \\$a10973$b40$c20180119$lBLL01$h1500
=CAT  \\$a11205$b40$c20180123$lBLL01$h1136
=FMT  \\$a  SE
=LAS  \\$a11205$b40$c20180123$lBLL01$h1136
=LET  \0$aWhat's hot London? (Electronic)

