=LDR  00878 as a22002777i 4500
=001  018765107
=003  Uk
=005  20191009143751.0
=007  ta
=008  180226c20189999enkbr\p\\\\\\\0\\\a0eng\\
=022  0\$a2516-4481$202
=040  \\$aUk$beng$cUk$erda
=222  \0$aCKH global$b(Print)
=245  00$aCKH global.
=264  \1$aLondon :$bSpeciality World Media Ltd
=310  \\$aBimonthly
=336  \\$atext$2rdacontent
=337  \\$aunmediated$2rdamedia
=338  \\$avolume$2rdacarrier
=985  \\$aISSN UK Centre note: C/T from Speciality chemicals world, ISSN 2515-9941 - please add 78X and LKR fields once completed. ISSN UK, 26.02.2018.
=CAT  \\$a11313$b40$c20180226$lBLL01$h0913
=CAT  \\$a8323$b40$c20191009$lBLL01$h1435
=CAT  \\$a8323$b40$c20191009$lBLL01$h1437
=FMT  \\$a  SE
=LAS  \\$a8323$b40$c20191009$lBLL01$h1437
=LET  \0$aCKH global (Print)

