=LDR  00749 as a22002658i 4500
=001  018781474
=003  Uk
=005  20180305131406.0
=006  m\\\\\\\\d\|\\\\\\
=007  cr||||||||||||
=008  180305c20189999enker\p\o\\\\\0\\\a0eng\\
=022  0\$a2516-4775$202
=040  \\$aUk$beng$cUk$erda
=222  \4$aThe crypto profit alert
=245  04$aThe crypto profit alert
=263  \\$a201803
=264  \1$aLondon :$bAgora Financial UK Limited
=310  \\$aFortnightly
=336  \\$atext$2rdacontent
=337  \\$acomputer$2rdamedia
=338  \\$aonline resource$2rdacarrier
=985  \\$aC/T from "Digital currency trader" (ISSN 2515-5970)
=CAT  \\$a10806$b40$c20180305$lBLL01$h1314
=FMT  \\$a  SE
=LAS  \\$a10806$b40$c20180305$lBLL01$h1314

