=LDR  00863 as a22002658i 4500
=001  018978699
=003  Uk
=005  20180717150121.0
=006  m\\\\\\\\d\|\\\\\\
=007  cr||||||||||||
=008  180717c20199999enk\x\p\o\\\\\0\\\a0eng\\
=022  0\$a2631-3154$202
=040  \\$aUk$beng$cUk$erda
=222  \0$aEuropean journal of glass
=245  00$aEuropean journal of glass.
=263  \\$a201901
=264  \1$aSheffield :$bSociety of Glass Technology
=336  \\$atext$2rdacontent
=337  \\$acomputer$2rdamedia
=338  \\$aonline resource$2rdacarrier
=985  \\$aISSN UK Centre note: please check application form when completing - may be a merger of two previous titles. ISSN UK, 17.07.2018.
=CAT  \\$a11313$b40$c20180717$lBLL01$h1501
=FMT  \\$a  SE
=LAS  \\$a11313$b40$c20180717$lBLL01$h1501
=LET  \0$aEuropean journal of glass (Electronic)

