=LDR  00908 as a22003018i 4500
=001  019121529
=003  Uk
=005  20200731101127.0
=006  m\\\\\\\\d\|\\\\\\
=007  cr||||||||||||
=008  181112c20199999wlkfr\p\o\\\\\0\\\a0wel\\
=022  0\$a2631-8962$202
=040  \\$aUk$beng$cUk$erda
=222  \0$aEnwau Cymru$b(Online)
=245  00$aEnwau Cymru.
=263  \\$a201904
=264  \1$aAberystwyth :$bCymdeithas Enwau Lleoedd Cymru/Welsh Place-Name Society
=310  \\$aSemiannual
=336  \\$atext$2rdacontent
=337  \\$acomputer$2rdamedia
=338  \\$aonline resource$2rdacarrier
=985  \\$aPlease link to ISSN 2632-1335 (Print) on completion
=CAT  \\$a11313$b40$c20181112$lBLL01$h1125
=CAT  \\$a10973$b40$c20190118$lBLL01$h1156
=CAT  \\$a10806$b40$c20200731$lBLL01$h1011
=FMT  \\$a  SE
=LAS  \\$a10806$b40$c20200731$lBLL01$h1011
=LET  \0$aEnwau Cymru (Electronic)

