=LDR  00866 as a22002053i 4500
=001  019215409
=003  Uk
=005  20190118134334.0
=007  ta
=008  190118c20159999enkar\p\\\\\\\0\\\a0eng\\
=040  \\$aUk$beng$cUk$erda
=245  00$aPsychoanalysis and psychotherapy in China.
=264  \1$aLondon :$bKarnac Books
=985  \\$aVols 1 & 2 were reprinted electronically by Routledge in 2018. ELD copies for Karnac and the Routledge reprints have been automatically ingested via the monographic ELD route. Print vols rebatched from monos have been discarded [LDO Print Serial decision]. 18/1/19.
=985  \\$aDifferent from the serial of the same name with ISSN 2632-0134.
=CAT  \\$a8483$b40$c20190118$lBLL01$h1305
=CAT  \\$a8483$b40$c20190118$lBLL01$h1317
=CAT  \\$a8483$b40$c20190118$lBLL01$h1343
=FMT  \\$a  SE
=LAS  \\$a8483$b40$c20190118$lBLL01$h1343

