=LDR  00900 as a22002778i 4500
=001  019219685
=003  Uk
=005  20190122085730.0
=006  m\\\\\\\\d\|\\\\\\
=007  cr||||||||||||
=008  190122c20199999enkqr\p\o\\\\\0\\\a0eng\\
=022  0\$a2632-1939$202
=040  \\$aUk$beng$cUk$erda
=222  \0$aEswatini country risk report
=245  00$aEswatini country risk report.
=263  \\$a201904
=264  \1$aLondon :$bFitch Solutions
=310  \\$aQuarterly
=336  \\$atext$2rdacontent
=337  \\$acomputer$2rdamedia
=338  \\$aonline resource$2rdacarrier
=985  \\$aISSN UK Centre note: C/T from Swaziland country risk report (ISSN 2056-2446) - please add 78X and LKR fields when completing. ISSN UK, 22.01.2019.
=CAT  \\$a11313$b40$c20190122$lBLL01$h0857
=FMT  \\$a  SE
=LAS  \\$a11313$b40$c20190122$lBLL01$h0857
=LET  \0$aEswatini country risk report (Electronic)

