=LDR  00916 as a22002898i 4500
=001  019219699
=003  Uk
=005  20190122091427.0
=006  m\\\\\\\\d\|\\\\\\
=007  cr||||||||||||
=008  190122c20189999enkqr\p\o\\\\\0\\\a0eng\\
=022  0\$a2632-1920$202
=040  \\$aUk$beng$cUk$erda
=222  \0$aTaiwan risk report
=245  00$aTaiwan risk report.
=263  \\$a201801
=264  \1$aLondon :$bFitch Solutions
=310  \\$aQuarterly
=336  \\$atext$2rdacontent
=337  \\$acomputer$2rdamedia
=338  \\$aonline resource$2rdacarrier
=985  \\$aISSN UK Centre note: C/T from Taiwan country risk report (ISSN 2058-0282) - please add 78X and LKR fields when completing. ISSN UK, 22.01.2019.
=CAT  \\$a11313$b40$c20190122$lBLL01$h0911
=CAT  \\$a11313$b40$c20190122$lBLL01$h0914
=FMT  \\$a  SE
=LAS  \\$a11313$b40$c20190122$lBLL01$h0914
=LET  \0$aTaiwan risk report (Electronic)

