=LDR  01138cas a22003138i 4500
=001  019219706
=003  Uk
=005  20211206090855.0
=006  m\\\\\\\\d\|\\\\\\
=007  cr||||||||||||
=008  190122c20189999enkqr\p\o\\\\\0\\\a0eng\\
=022  0\$a2632-1912$202
=040  \\$aUk$beng$cUk$erda
=222  \0$aHong Kong SAR risk report
=245  00$aHong Kong SAR risk report.
=246  3\$aHong Kong special administrative region risk report
=263  \\$a201801
=264  \1$aLondon :$bFitch Solutions
=310  \\$aQuarterly
=336  \\$atext$2rdacontent
=337  \\$acomputer$2rdamedia
=338  \\$aonline resource$2rdacarrier
=985  \\$aISSN UK Centre note: C/T from Hong Kong country risk report (ISSN 2057-9756) - please add 78X and LKR fields when completing. ISSN UK, 22.01.2019. AND subsequently a C/T to ISSN 2755-0346 Hong Kong, China risk report (06/12/21)
=CAT  \\$a11313$b40$c20190122$lBLL01$h0919
=CAT  \\$a10806$b40$c20211206$lBLL01$h0908
=CAT  \\$a10806$b40$c20211206$lBLL01$h0908
=FMT  \\$a  SE
=LAS  \\$a10806$b40$c20211206$lBLL01$h0908
=LET  \0$aHong Kong SAR risk report (Electronic)

