=LDR  00936 as a22002898i 4500
=001  019219744
=003  Uk
=005  20190122102521.0
=006  m\\\\\\\\d\|\\\\\\
=007  cr||||||||||||
=008  190122c20189999enkar\p\o\\\\\0\\\a0eng\\
=022  0\$a2632-1904$202
=040  \\$aUk$beng$cUk$erda
=222  \0$aMacau SAR risk report
=245  00$aMacau SAR risk report.
=246  3\$aMacau special administrative region risk report
=263  \\$a201801
=264  \1$aLondon :$bFitch Solutions
=310  \\$aAnnual
=336  \\$atext$2rdacontent
=337  \\$acomputer$2rdamedia
=338  \\$aonline resource$2rdacarrier
=985  \\$aISSN UK Centre note: C/T from Macau country risk report (ISSN 2056-2454) - please add 78X and LKR fields when completing. ISSN UK, 22.01.2019.
=CAT  \\$a11313$b40$c20190122$lBLL01$h1025
=FMT  \\$a  SE
=LAS  \\$a11313$b40$c20190122$lBLL01$h1025
=LET  \0$aMacau SAR risk report (Electronic)

