=LDR  00872 as a22002898i 4500
=001  019267253
=003  Uk
=005  20191105110747.0
=006  m\\\\\\\\d\|\\\\\\
=007  cr||||||||||||
=008  190226c20199999enktr\p\o\\\\\0\\\a0eng\\
=022  0\$a2632-380X$202
=040  \\$aUk$beng$cUk$erda
=222  \0$aGoogolplex$b(Online)
=245  00$aGoogolplex.
=263  \\$a201903
=264  \1$aBexhill on Sea :$bD. Downs
=310  \\$aThree issues yearly
=336  \\$atext$2rdacontent
=337  \\$acomputer$2rdamedia
=338  \\$aonline resource$2rdacarrier
=985  \\$aISSN UK Centre: see also print version (ISSN 2632-3796), please add 776 to both records on completion.
=CAT  \\$a11313$b40$c20190226$lBLL01$h0909
=CAT  \\$a10973$b40$c20191105$lBLL01$h1107
=FMT  \\$a  SE
=LAS  \\$a10973$b40$c20191105$lBLL01$h1107
=LET  \0$aGoogolplex (Electronic)

