=LDR  00817 as a22002898i 4500
=001  019279046
=003  Uk
=005  20200102155908.0
=006  m\\\\\\\\d\|\\\\\\
=007  cr||||||||||||
=008  190304c20199999enkqr\p\o\\\\\0\\\a0eng\\
=022  0\$a2632-3850$202
=040  \\$aUk$beng$cUk$erda
=222  \0$aAsia water park$b(Online)
=245  00$aAsia water park.
=263  \\$a201903
=264  \1$aSale :$bL. Zhang
=310  \\$aQuarterly
=336  \\$atext$2rdacontent
=337  \\$acomputer$2rdamedia
=338  \\$aonline resource$2rdacarrier
=985  \\$aPlease link to ISSN 2632-3842 (Print) on completion.
=CAT  \\$a11313$b40$c20190304$lBLL01$h1007
=CAT  \\$a10806$b40$c20200102$lBLL01$h1559
=FMT  \\$a  SE
=LAS  \\$a10806$b40$c20200102$lBLL01$h1559
=LET  \0$aAsia water park (Electronic)

