=LDR  01131 as a22003378i 4500
=001  019279051
=003  Uk
=005  20190815083844.0
=006  m\\\\\\\\d\|\\\\\\
=007  cr||||||||||||
=008  190304c20199999enkwr\p\o\\\\\0\\\a0eng\\
=022  0\$a2632-3621$202
=040  \\$aUk$beng$cUk$erda
=222  \0$aReal estate fund intelligence US$b(Online)
=245  00$aReal estate fund intelligence US.
=246  3\$aReal estate fund intelligence United States
=246  3\$aREFI US
=263  \\$a201902
=264  \1$aLondon :$bPageant Media
=310  \\$aWeekly
=336  \\$atext$2rdacontent
=337  \\$acomputer$2rdamedia
=338  \\$aonline resource$2rdacarrier
=985  \\$aC/T from 'Real estate finance and investment' (no online ISSN, print ISSN 1529-6644)
=985  \\$aPrint version also available. Please add reciprocal 776 fields on completion.
=CAT  \\$a10806$b40$c20190304$lBLL01$h1017
=CAT  \\$a10806$b40$c20190408$lBLL01$h1016
=CAT  \\$a11315$b40$c20190815$lBLL01$h0838
=FMT  \\$a  SE
=LAS  \\$a11315$b40$c20190815$lBLL01$h0838
=LET  \\$aReal estate fund intelligence US (Electronic)

