=LDR  01087 as a22003138i 4500
=001  019364822
=003  Uk
=005  20200811085035.0
=006  m\\\\\\\\d\|\\\\\\
=007  cr||||||||||||
=008  190410c20199999enkar\p\o\\\\\0\\\a0eng\\
=022  0\$a2632-5934$202
=040  \\$aUk$beng$cUk$erda
=222  \0$aJournal of assessment, learning and teaching in international education
=245  00$aJournal of assessment, learning and teaching in international education.
=263  \\$a201909
=264  \1$aBrighton :$bStudy Group UK Limited
=310  \\$aAnnual
=336  \\$atext$2rdacontent
=337  \\$acomputer$2rdamedia
=338  \\$aonline resource$2rdacarrier
=985  \\$aPlease link to ISSN 2633-5514 (Print) on completion
=CAT  \\$a11205$b40$c20190410$lBLL01$h1632
=CAT  \\$a11313$b40$c20191121$lBLL01$h0849
=CAT  \\$a10806$b40$c20200811$lBLL01$h0849
=CAT  \\$a10806$b40$c20200811$lBLL01$h0850
=FMT  \\$a  SE
=LAS  \\$a10806$b40$c20200811$lBLL01$h0850
=LET  \0$aJournal of assessment, learning and teaching in international education (Electronic)

