=LDR  01011 as a22003018i 4500
=001  019376902
=003  Uk
=005  20210301143706.0
=007  ta
=008  190424c20189999enkar\p\\\\\\\0\\\a0eng\\
=022  0\$a2096-5311
=040  \\$aUk$beng$cUk$erda
=210  0\$aECNU rev. educ.
=222  \0$aECNU review of education
=245  00$aECNU review of education.
=264  \1$aLondon :$bSAGE
=310  \\$aAnnual
=336  \\$atext$2rdacontent
=337  \\$aunmediated$2rdamedia
=338  \\$avolume$2rdacarrier
=776  08$iAlso issued online as:$tECNU review of education$x2632-1742
=985  \\$a**PLEASE PASS ALL ISSUES TO RICHARD (LEEDS) - SEE ALSO ISSN 2632-1742 - WILL NEED TRANSFER FROM CHINA AND LINK TO 2632-1742**CLAIMED AGAIN FROM SAGE - 05/12/19**
=CAT  \\$a10806$b40$c20190424$lBLL01$h1204
=CAT  \\$a10806$b40$c20191205$lBLL01$h1137
=CAT  \\$a8323$b40$c20210301$lBLL01$h1437
=FMT  \\$a  SE
=LAS  \\$a8323$b40$c20210301$lBLL01$h1437
=LET  \0$aECNU review of education (Print)

