=LDR  00926 as a22002778i 4500
=001  019403611
=003  Uk
=005  20190515142624.0
=006  m\\\\\\\\d\|\\\\\\
=007  cr||||||||||||
=008  190515c20199999enkqr\p\o\\\\\0\\\a0eng\\
=022  0\$a2632-6957$202
=040  \\$aUk$beng$cUk$erda
=222  \0$aNorth Macedonia telecommunications report
=245  00$aNorth Macedonia telecommunications report.
=263  \\$a201907
=264  \1$aLondon :$bFitch Solutions
=310  \\$aQuarterly
=336  \\$atext$2rdacontent
=337  \\$acomputer$2rdamedia
=338  \\$aonline resource$2rdacarrier
=985  \\$aISSN UK Centre note: c/t from Macedonia telecoms report ISSN 2055-3943 - please add 78x and LKR links when completing. ISSN UK, 15.5.19
=CAT  \\$a7152$b40$c20190515$lBLL01$h1426
=FMT  \\$a  SE
=LAS  \\$a7152$b40$c20190515$lBLL01$h1426
=LET  \0$aNorth Macedonia telecommunications report (Electronic)

