=LDR  00956 as a22002778i 4500
=001  019413320
=003  Uk
=005  20190522142138.0
=006  m\\\\\\\\d\|\\\\\\
=007  cr||||||||||||
=008  190522c20199999enktr\p\o\\\\\0\\\a0eng\\
=022  0\$a2632-7481$202
=040  \\$aUk$beng$cUk$erda
=222  \0$aOperational risk report. North Macedonia
=245  00$aOperational risk report.$pNorth Macedonia.
=263  \\$a201905
=264  \1$a[London] :$bThe Economist Intelligence Unit
=310  \\$aThree times a year
=336  \\$atext$2rdacontent
=337  \\$acomputer$2rdamedia
=338  \\$aonline resource$2rdacarrier
=985  \\$aISSN UK Centre note: change of title from Operational risk report. Macedonia, ISSN 2517-0902. Please add 78X fields and LKR on completion.
=CAT  \\$a11205$b40$c20190522$lBLL01$h1421
=FMT  \\$a  SE
=LAS  \\$a11205$b40$c20190522$lBLL01$h1421
=LET  \0$aOperational risk report. North Macedonia (Electronic)

