=LDR  00780 as a22002658i 4500
=001  019440313
=003  Uk
=005  20190619094659.0
=006  m\\\\\\\\d\|\\\\\\
=007  cr||||||||||||
=008  190619c20079999stk\x\p\o\\\\\0\\\a0eng\\
=022  0\$a2632-8062$202
=040  \\$aUk$beng$cUk$erda
=222  \0$aAiste$b(Online)
=245  00$aAiste.
=263  \\$a201907
=264  \1$aGlasgow :$bCeltic & Gaelic
=336  \\$atext$2rdacontent
=337  \\$acomputer$2rdamedia
=338  \\$aonline resource$2rdacarrier
=985  \\$aISSN UK Centre note: Online version of: Aiste, ISSN 1754-4270. Please add reciprocal 776 fields on completion.
=CAT  \\$a11205$b40$c20190619$lBLL01$h0946
=FMT  \\$a  SE
=LAS  \\$a11205$b40$c20190619$lBLL01$h0946
=LET  \0$aAiste (Electronic)

