=LDR  00936 as a22003018i 4500
=001  019443699
=003  Uk
=005  20200317132949.0
=006  m\\\\\\\\d\|\\\\\\
=007  cr||||||||||||
=008  190624c20199999enktr\p\o\\\\\0\\\a0eng\\
=022  0\$a2632-8747$202
=040  \\$aUk$beng$cUk$erda
=222  \0$aKinetic$b(Online)
=245  00$aKinetic.
=263  \\$a201908
=264  \1$aReading :$bBritannia
=310  \\$aThree times a year
=336  \\$atext$2rdacontent
=337  \\$acomputer$2rdamedia
=338  \\$aonline resource$2rdacarrier
=985  \\$aISSN UK Centre note: Not yet available online. Please see print version (ISSN 2632-8739) and add reciprocal 776 fields on completion.
=CAT  \\$a10973$b40$c20190624$lBLL01$h1423
=CAT  \\$a10973$b40$c20200312$lBLL01$h1617
=CAT  \\$a11205$b40$c20200317$lBLL01$h1329
=FMT  \\$a  SE
=LAS  \\$a11205$b40$c20200317$lBLL01$h1329
=LET  \0$aKinetic (Electronic)

