=LDR  02665cas a22006378i 4500
=001  019448588
=003  Uk
=005  20230426111130.0
=007  ta
=008  190628c20209999gw\mr\p\\\\\\\0\\\a0eng\\
=022  0\$a2632-8623
=040  \\$aUk$beng$cUk$erda
=222  \0$aGRUR international$b(Print)
=245  00$aGRUR international :$bjournal of European and international IP law.
=246  3\$aGewerblicher rechtsschutz und urheberrecht international
=264  \1$aMunchen :$bC.H. Beck
=310  \\$aMonthly
=336  \\$atext$2rdacontent
=337  \\$aunmediated$2rdamedia
=338  \\$avolume$2rdacarrier
=540  \\$aCurrent Copyright Fee: GBP42.00$c29\0$5Uk
=776  08$iAlso issued online as:$tGRUR international$x2632-8550
=780  00$tGewerblicher Rechtsschutz und Urheberrecht. Internationaler Teil$x0435-8600
=856  \\$31850-9999$uhttp://www.oxfordjournals.org/$xBLDSS
=945  \\$aGRUR international.
=979  \\$aBritish Library$bDSC$j4223.485000N
=985  \\$aISSN transferred to ISSN Germany, as published by Beck in Munich. 05.03.2020.
=985  \\$aISSN description based on ISSN Germany's Portal record, 16.03.2020.
=ACF  \\$aPrevious copyright fee: GBP28.00$c29\0$e14-nov-2019$fGBP28.00$g0$hP$5Uk
=ACF  \\$aPrevious copyright fee: GBP29.00$c29\0$e13-jan-2020$fGBP29.00$g0$hP$5Uk
=CAT  \\$a10806$b40$c20190628$lBLL01$h0953
=CAT  \\$a10806$b40$c20190628$lBLL01$h1354
=CAT  \\$a5552$b40$c20191114$lBLL01$h1328
=CAT  \\$aBLDSS-3PM$b00$c20191121$lBLL01$h1516
=CAT  \\$aBATCH-UPD$b00$c20191121$lBLL01$h1516
=CAT  \\$a12654$b40$c20200113$lBLL01$h0905
=CAT  \\$a11313$b40$c20200305$lBLL01$h0817
=CAT  \\$a11313$b40$c20200316$lBLL01$h0930
=CAT  \\$a11313$b40$c20200316$lBLL01$h0931
=CAT  \\$a11313$b40$c20200316$lBLL01$h0951
=CAT  \\$aBATCH-UPD$b40$c20220308$lBLL01$h1729
=CAT  \\$aIPL-CLA$c20220331$lBLL01$h2323
=CAT  \\$aS2302-1302$c20230314$lBLL01$h1712
=CAT  \\$aS2302-1302$c20230323$lBLL01$h1442
=CAT  \\$aIPL-CLA$c20230331$lBLL01$h1711
=CAT  \\$aS2304-0519$c20230412$lBLL01$h1141
=CAT  \\$aBATCH-SUPP$c20230426$lBLL01$h1111
=CFI  0\$aCurrent Copyright Fee: GBP42.00$c29\0$e01-apr-2023$fGBP42.00$g0$hP$5Uk
=CFI  2\$aPrevious copyright fee: GBP32.00$c29\0$e01-apr-2022$fGBP32.00$g0$hP$5Uk
=FFP  \\$aY$bBLDSS-3PM
=FIN  \\$aY$d20200316
=FMT  \\$a  SE
=LAS  \\$aBATCH-SUPP$b00$c20230426$lBLL01$h1111
=LET  \0$aGRUR international (Print)
=LKR  \\$aPAR$b012099344$lBLL01$r78000$mGRUR international (Print)$nGewerblicher Rechtsschutz und Urheberrecht. Internationaler Teil
=UNO  \\$aY

