=LDR  00937 as a22002898i 4500
=001  019464781
=003  Uk
=005  20210408104219.0
=006  m\\\\\\\\d\|\\\\\\
=007  cr||||||||||||
=008  190710c20199999enkqr\p\o\\\\\0\\\a0eng\\
=022  0\$a2632-9786$202
=040  \\$aUk$beng$cUk$erda
=222  \0$aCountry report. Eswatini
=245  00$aCountry report.$pEswatini.
=263  \\$a201910
=264  \1$aLondon :$bThe Economist Intelligence Unit
=310  \\$aQuarterly
=336  \\$atext$2rdacontent
=337  \\$acomputer$2rdamedia
=338  \\$aonline resource$2rdacarrier
=985  \\$aISSN UK Centre note: Change of title from 'Country report. Swaziland', ISSN 2047-5187. Please add 78X fields & LKR on completion.
=CAT  \\$a11205$b40$c20190710$lBLL01$h1402
=CAT  \\$a10806$b40$c20210408$lBLL01$h1042
=FMT  \\$a  SE
=LAS  \\$a10806$b40$c20210408$lBLL01$h1042
=LET  \0$aCountry report. Eswatini (Electronic)

