=LDR  02004cas a22004817i 4500
=001  019482252
=003  Uk
=005  20220228152427.0
=007  ta
=008  190729c20009999ii\fr\p\\\\\\\0\\\a0eng\\
=022  0\$a0972-9968
=040  \\$aUk$beng$cUk$erda
=222  \0$aRajagiri management journal
=245  00$aRajagiri management journal.
=264  \1$aKochi :$bRajagiri School of Management
=310  \\$aSemiannual
=336  \\$atext$2rdacontent
=337  \\$aunmediated$2rdamedia
=338  \\$avolume$2rdacarrier
=540  \\$aCurrent Copyright Fee: zero$c25\0$5Uk
=856  \\$31850-9999$uhttp://www.emeraldinsight.com/$xBLDSS
=959  \\$aBritish Library$bDSC$j7253.245000N
=985  \\$aISSN UK Centre: transferrin to Emerald in 2019, ISSN record created using ISSN India's Portal record. Will need to take resp. from India when updating with Emerald's publisher details. ISSN UK, 29.07.2019. Print copy requested from Emerald 14/12/2020.
=985  \\$aISSN UK Centre: see also online version ISSN 2633-0091 - please add 776 to both records on completion.
=985  \\$aISSN RDA COMPLETION - TO BE CATALOGUED BY RDA TRAINED CATALOGUERS.
=CAT  \\$a11313$b40$c20190729$lBLL01$h1036
=CAT  \\$a10973$b40$c20201214$lBLL01$h1130
=CAT  \\$a10973$b40$c20201214$lBLL01$h1134
=CAT  \\$aBATCH-CLA$b00$c20210528$lBLL01$h1523
=CAT  \\$aIPL-CLA$c20210704$lBLL01$h1128
=CAT  \\$a12654$b40$c20220222$lBLL01$h0746
=CAT  \\$a12654$b40$c20220222$lBLL01$h0747
=CAT  \\$aBATCH-UNOA$c20220223$lBLL01$h0019
=CAT  \\$aBLDSS-3PM$b00$c20220228$lBLL01$h1524
=CAT  \\$aBATCH-UPD$b00$c20220228$lBLL01$h1524
=CFI  0\$aCurrent copyright fee: zero$c25\0$e22-feb-2022$fGBP0.00$g0$hP$5Uk
=CFI  2\$aPrevious Copyright Fee: GBP25.00$c0$e01-jul-2021$fGBP25.00$g0$hC$5Uk
=FFP  \\$aY$bBLDSS-3PM
=FIN  \\$aY$d20190729
=FMT  \\$a  SE
=LAS  \\$aBATCH-UPD$b00$c20220228$lBLL01$h1524
=LET  \0$aRajagiri management journal (Print)
=UNO  \\$aY

