=LDR  00826 as a22002778i 4500
=001  019499805
=003  Uk
=005  20190808115342.0
=006  m\\\\\\\\d\|\\\\\\
=007  cr||||||||||||
=008  190808c20199999enk\x\p\o\\\\\0\\\a0eng\\
=022  0\$a2633-0687$202
=040  \\$aUk$beng$cUk$erda
=222  \0$aSIDe$b(Qualify)
=245  00$aSIDe
=246  13$aJournal of science-informed design
=263  \\$a201912
=264  \1$aLondon :$bCentre for Conscious Design
=336  \\$atext$2rdacontent
=337  \\$acomputer$2rdamedia
=338  \\$aonline resource$2rdacarrier
=985  \\$aISSN UK Centre note: Only 1 article available on Aug 8, so pre-pub assigned. ISSN UK, 08.08.2019.
=CAT  \\$a11313$b40$c20190808$lBLL01$h1153
=FMT  \\$a  SE
=LAS  \\$a11313$b40$c20190808$lBLL01$h1153
=LET  \0$aSIDe (Electronic)

