=LDR  01112 as a22003257i 4500
=001  019506710
=003  Uk
=005  20190815112540.0
=006  m\\\\\\\\d\|\\\\\\
=007  cr||||||||||||
=008  190815c19579999be\ar\p\o\\\\\0\\\a0eng\\
=022  0\$a2507-0444
=040  \\$aUk$beng$cUk$erda
=210  0\$aNottm. mediev. stud.$b(Online)
=222  \0$aNottingham medieval studies$b(Online)
=245  00$aNottingham medieval studies.
=264  \1$aTurnhout :$bBrepols
=310  \\$aAnnual
=336  \\$atext$2rdacontent
=337  \\$acomputer$2rdamedia
=338  \\$aonline resource$2rdacarrier
=588  \\$aDescription based on: Volume 62 (2018); title from thumbnail of cover (viewed August 15 2019).
=776  08$iAlso issued in print as:$tNottingham medieval studies$x0078-2122
=856  40$uhttps://www.brepolsonline.net/loi/nms
=985  \\$aISSN RDA COMPLETION - TO BE CATALOGUED BY RDA TRAINED CATALOGUERS.
=CAT  \\$a11313$b40$c20190815$lBLL01$h1125
=FIN  \\$aY$d20190815
=FMT  \\$a  SE
=LAS  \\$a11313$b40$c20190815$lBLL01$h1125
=LET  \0$aNottingham medieval studies (Electronic)

