=LDR  00829 as a22002778i 4500
=001  019517367
=003  Uk
=005  20190823120005.0
=006  m\\\\\\\\d\|\\\\\\
=007  cr||||||||||||
=008  190823c20199999enkqr\p\o\\\\\0\\\a0eng\\
=022  0\$a2633-1373$202
=040  \\$aUk$beng$cUk$erda
=222  \0$aIOP SciNotes preprints
=245  00$aIOP SciNotes preprints
=246  3\$aInstitute of Physics sci notes preprints
=263  \\$a201912
=264  \1$aBristol :$bIOP Publishing Ltd
=310  \\$aQuarterly
=336  \\$atext$2rdacontent
=337  \\$acomputer$2rdamedia
=338  \\$aonline resource$2rdacarrier
=985  \\$aISSN UK Centre: see also ISSN 2633-1357, please add relevant 7XX field on completion.
=CAT  \\$a10973$b40$c20190823$lBLL01$h1200
=FMT  \\$a  SE
=LAS  \\$a10973$b40$c20190823$lBLL01$h1200

