=LDR  00891 as a22002778i 4500
=001  019542013
=003  Uk
=005  20190911141409.0
=006  m\\\\\\\\d\|\\\\\\
=007  cr||||||||||||
=008  190911c20209999enkmr\p\o\\\\\0\\\a0eng\\
=022  0\$a2633-1888$202
=040  \\$aUk$beng$cUk$erda
=222  \0$aDevon today$b(Online)
=245  00$aDevon today.
=263  \\$a202001
=264  \1$aTruro :$bIndependent Media (Southwest) Ltd
=310  \\$aMonthly
=336  \\$atext$2rdacontent
=337  \\$acomputer$2rdamedia
=338  \\$aonline resource$2rdacarrier
=985  \\$aIndependent Media plan to relaunch this title in January 2020. First printed issue requested (ISSN 1477-254X). Please add reciprocal 776 fields when completing. GH
=CAT  \\$a11205$b40$c20190911$lBLL01$h1414
=FMT  \\$a  SE
=LAS  \\$a11205$b40$c20190911$lBLL01$h1414
=LET  \0$aDevon today (Electronic)

