=LDR  01002 as a22003018i 4500
=001  019557399
=003  Uk
=005  20190930141513.0
=006  m\\\\\\\\d\|\\\\\\
=007  cr||||||||||||
=008  190930c20199999enkmr\p\o\\\\\0\\\a0eng\\
=022  0\$a2633-2566$202
=040  \\$aUk$beng$cUk$erda
=222  \0$aCountry report. Hong Kong SAR of China
=245  00$aCountry report.$pHong Kong SAR of China.
=246  30$aHong Kong SAR of China
=246  3\$aCountry report.$pHong Kong Special Administrative Region of China
=263  \\$a201910
=264  \1$aLondon :$bEconomist Intelligence Unit
=310  \\$aMonthly
=336  \\$atext$2rdacontent
=337  \\$acomputer$2rdamedia
=338  \\$aonline resource$2rdacarrier
=985  \\$aC/T and change of format from ISSN 2047-2684 Country report. Hong Kong, Macau. Please link appropriately.
=CAT  \\$a10806$b40$c20190930$lBLL01$h1412
=CAT  \\$a10806$b40$c20190930$lBLL01$h1415
=FMT  \\$a  SE
=LAS  \\$a10806$b40$c20190930$lBLL01$h1415

