=LDR  00961 as a22003018i 4500
=001  019641831
=003  Uk
=005  20201105155012.0
=006  m\\\\\\\\d\|\\\\\\
=007  cr||||||||||||
=008  191210c20209999enkmr\p\o\\\\\0\\\a0eng\\
=022  0\$a2633-6820$202
=040  \\$aUk$beng$cUk$erda
=222  \4$aThe round up$b(Qualify. Online)
=245  04$aThe round up.
=263  \\$a202004
=264  \1$aLondon :$bThe Round Up Magazine Limited
=310  \\$aMonthly
=336  \\$atext$2rdacontent
=337  \\$acomputer$2rdamedia
=338  \\$aonline resource$2rdacarrier
=985  \\$aISSN UK Centre: print version ISSN 2633-6812 cancelled 5/11/20 - publisher still intends to go ahead with digital publication.
=CAT  \\$a10806$b40$c20191210$lBLL01$h0833
=CAT  \\$a10973$b40$c20200316$lBLL01$h1615
=CAT  \\$a10973$b40$c20201105$lBLL01$h1550
=FMT  \\$a  SE
=LAS  \\$a10973$b40$c20201105$lBLL01$h1550
=LET  \4$aThe round up (Electronic)

