=LDR  00907 as a22002898i 4500
=001  019674645
=003  Uk
=005  20200115113214.0
=006  m\\\\\\\\d\|\\\\\\
=007  cr||||||||||||
=008  200115c20209999enkqr\p\o\\\\\0\\\a0eng\\
=022  0\$a2633-5123$202
=040  \\$aUk$beng$cUk$erda
=222  \0$aReiki world$b(Online)
=245  00$aReiki world.
=263  \\$a202002
=264  \1$aCroydon :$bUK Reiki Foundation
=310  \\$aQuarterly
=336  \\$atext$2rdacontent
=337  \\$acomputer$2rdamedia
=338  \\$aonline resource$2rdacarrier
=776  08$iAlso avaialable in print as:$tReiki world$x2633-5115
=985  \\$aChange of title from: Resonance (Ludgershall. Online) ISSN 2633-3473. Please make relevant 7xx links when completing ISSN.
=CAT  \\$a7152$b40$c20200115$lBLL01$h1132
=FMT  \\$a  SE
=LAS  \\$a7152$b40$c20200115$lBLL01$h1132
=LET  \0$aReiki world (Electronic)

