=LDR  00876 as a22002778i 4500
=001  019705455
=003  Uk
=005  20200305135641.0
=006  m\\\\\\\\d\|\\\\\\
=007  cr||||||||||||
=008  200205c20209999enkuu\p\o\\\\\0\\\a0eng\\
=022  0\$a2633-8645$202
=040  \\$aUk$beng$cUk$erda
=222  \0$aOxford open cancer research
=245  00$aOxford open cancer research.
=263  \\$a202006
=264  \1$aOxford :$bOxford University Press
=336  \\$atext$2rdacontent
=337  \\$acomputer$2rdamedia
=338  \\$aonline resource$2rdacarrier
=985  \\$aISSN UK Centre note: Originally applied for as 'Oxford cancer research'. Amended March 5 2020.
=CAT  \\$a10806$b40$c20200205$lBLL01$h1056
=CAT  \\$a11313$b40$c20200305$lBLL01$h1356
=FMT  \\$a  SE
=LAS  \\$a11313$b40$c20200305$lBLL01$h1356
=LET  \0$aOxford open cancer research (Electronic)

