=LDR  00836 as a22002778i 4500
=001  019716019
=003  Uk
=005  20200217091041.0
=006  m\\\\\\\\d\|\\\\\\
=007  co||||||||||||
=008  200217c20209999enkbr\p\q\\\\\0\\\a0eng\\
=022  0\$a2633-9692$202
=040  \\$aUk$beng$cUk$erda
=222  \0$aFasteners Asia$b(CD-ROM)
=245  00$aFasteners Asia.
=263  \\$a202002
=264  \1$aLeamington Spa :$bIntras Ltd
=310  \\$aBimonthly
=336  \\$atext$2rdacontent
=337  \\$acomputer$2rdamedia
=338  \\$acomputer disc$2rdacarrier
=985  \\$aSee also Print ISSN 2633-9676 and Online ISSN 2633-9684 - please add 776 fields when completing. ISSN UK, 17.02.2020.
=CAT  \\$a11313$b40$c20200217$lBLL01$h0910
=FMT  \\$a  SE
=LAS  \\$a11313$b40$c20200217$lBLL01$h0910
=LET  \0$aFasteners Asia (CD-ROM)

