=LDR  01068 as a22002898i 4500
=001  019724047
=003  Uk
=005  20200224120437.0
=006  m\\\\\\\\d\|\\\\\\
=007  cr||||||||||||
=008  200224c20209999enkar\p\o\\\\\0\\\a0eng\\
=022  0\$a2633-9552$202
=040  \\$aUk$beng$cUk$erda
=222  \0$aJournal of China in global and comparative perspectives$b(Online)
=245  00$aJournal of China in global and comparative perspectives.
=263  \\$a202010
=264  \1$aLondon :$bGlobal Century Press
=310  \\$aAnnual
=336  \\$atext$2rdacontent
=337  \\$acomputer$2rdamedia
=338  \\$aonline resource$2rdacarrier
=776  08$iAlso issued in print as:$tJournal of China in global and comparative perspectives$x2633-9544
=985  \\$aC/T from ISSN 2040-0845 Journal of China in comparative perspective. Please link on completion.
=CAT  \\$a10806$b40$c20200224$lBLL01$h1204
=FMT  \\$a  SE
=LAS  \\$a10806$b40$c20200224$lBLL01$h1204
=LET  \0$aJournal of China in global and comparative perspectives (English edition. Electronic)

