=LDR  01070 as a22002898i 4500
=001  019724063
=003  Uk
=005  20200224130616.0
=006  m\\\\\\\\d\|\\\\\\
=007  cr||||||||||||
=008  200224c20209999enkar\p\o\\\\\0\\\a0chi\\
=022  0\$a2633-9579$202
=040  \\$aUk$beng$cUk$erda
=222  \0$aJournal of China in global and comparative perspectives$b(Chinese ed. Online)
=245  00$aJournal of China in global and comparative perspectives.
=263  \\$a202010
=264  \1$aLondon :$bGlobal Century Press
=310  \\$aAnnual
=336  \\$atext$2rdacontent
=337  \\$acomputer$2rdamedia
=338  \\$aonline resource$2rdacarrier
=776  08$iAlso issued in print as:$tJournal of China in global and comparative perspectives$x2633-9560
=985  \\$aC/T from ISSN 2633-9498 Journal of China in comparative perspective (Chinese edition)
=CAT  \\$a10806$b40$c20200224$lBLL01$h1306
=FMT  \\$a  SE
=LAS  \\$a10806$b40$c20200224$lBLL01$h1306
=LET  \0$aJournal of China in global and comparative perspectives (Chinese edition. Electronic)

