=LDR  01043 as a22003258i 4500
=001  019724390
=003  Uk
=005  20200316104823.0
=006  m\\\\\\\\d\|\\\\\\
=007  cr||||||||||||
=008  200225c20219999enkar\p\o\\\\\0\\\a0eng\\
=022  0\$a2633-9986$202
=040  \\$aUk$beng$cUk$erda
=222  \0$aEMJ. Dermatology$b(US ed.)
=245  00$aEMJ.$pDermatology.
=246  10$aDermatology
=246  3\$aEuropean medical journal.$pDermatology
=263  \\$a202105
=264  \1$aLondon :$bEMG-Health
=310  \\$aAnnual
=336  \\$atext$2rdacontent
=337  \\$acomputer$2rdamedia
=338  \\$aonline resource$2rdacarrier
=985  \\$aISSN UK Centre note: See also ISSN 2054-6211 for non-US edition. 25.02.2020.
=985  \\$aStart date postponed for 1 year due to coronavirus (publisher email, March 16 2020).
=CAT  \\$a11313$b40$c20200225$lBLL01$h0933
=CAT  \\$a11313$b40$c20200316$lBLL01$h1048
=FMT  \\$a  SE
=LAS  \\$a11313$b40$c20200316$lBLL01$h1048
=LET  \0$aEMJ. Dermatology (US. edition. Electronic)

