=LDR  01086cas a22003378i 4500
=001  019724395
=003  Uk
=005  20220426105612.0
=006  m\\\\\\\\d\|\\\\\\
=007  cr||||||||||||
=008  200225c20239999enkar\p\o\\\\\0\\\a0eng\\
=022  0\$a2633-9994$202
=040  \\$aUk$beng$cUk$erda
=222  \0$aEMJ. Cardiology$b(US ed.)
=245  00$aEMJ.$pCardiology.
=246  10$aCardiology
=246  3\$aEuropean medical journal.$pCardiology
=263  \\$a202312
=264  \1$aLondon :$bEMG-Health
=310  \\$aAnnual
=336  \\$atext$2rdacontent
=337  \\$acomputer$2rdamedia
=338  \\$aonline resource$2rdacarrier
=985  \\$aISSN UK Centre note: See also ISSN 2054-3174 for non-US edition. 25.02.2020.
=985  \\$aStart date postponed for 1 year due to coronavirus (publisher email, March 16 2020).
=CAT  \\$a11313$b40$c20200225$lBLL01$h0944
=CAT  \\$a11313$b40$c20200316$lBLL01$h1049
=CAT  \\$a11130$b40$c20220426$lBLL01$h1056
=FMT  \\$a  SE
=LAS  \\$a11130$b40$c20220426$lBLL01$h1056
=LET  \0$aEMJ. Cardiology (US edition. Electronic)

