=LDR  00929 as a22003018i 4500
=001  019724625
=003  Uk
=005  20200227143135.0
=006  m\\\\\\\\d\|\\\\\\
=007  cr||||||||||||
=008  200225c20189999enkgr\p\o\\\\\0\\\e0chi\\
=022  0\$a2633-9633$202
=040  \\$aUk$beng$cUk$erda
=222  \0$aChinese for social science$b(Online)
=245  00$aChinese for social science.
=263  \\$a202009
=264  \1$aLondon :$bGlobal Century Press
=310  \\$aBiennial
=336  \\$atext$2rdacontent
=337  \\$acomputer$2rdamedia
=338  \\$aonline resource$2rdacarrier
=985  \\$aPlease link to ISSN 2633-9501 (Print) on completion.
=CAT  \\$a10806$b40$c20200225$lBLL01$h1433
=CAT  \\$a10806$b40$c20200225$lBLL01$h1434
=CAT  \\$a10806$b40$c20200227$lBLL01$h1431
=FMT  \\$a  SE
=LAS  \\$a10806$b40$c20200227$lBLL01$h1431
=LET  \0$aChinese for social science (Chinese edition. Electronic)

