=LDR  01030 as a22002898i 4500
=001  019750633
=003  Uk
=005  20200925104935.0
=006  m\\\\\\\\d\|\\\\\\
=007  cr||||||||||||
=008  200317c20209999enktr\p\o\\\\\0\\\a0eng\\
=022  0\$a2634-1174$202
=040  \\$aUk$beng$cUk$erda
=222  \0$aBanipal revista de literatura arabe moderna$b(Online)
=245  00$aBanipal revista de literatura arabe moderna.
=263  \\$a202004
=264  \1$aLondon :$bM. Obank
=310  \\$aThree issues yearly
=336  \\$atext$2rdacontent
=337  \\$acomputer$2rdamedia
=338  \\$aonline resource$2rdacarrier
=985  \\$aPlease make relevant 776 links with completed print format "Banipal: revista de literatura arabe moderna" ISSN 2634-0879 when completing. ISSN UK Centre. 25.9.2020
=CAT  \\$a11313$b40$c20200317$lBLL01$h1618
=CAT  \\$a7152$b40$c20200925$lBLL01$h1049
=FMT  \\$a  SE
=LAS  \\$a7152$b40$c20200925$lBLL01$h1049
=LET  \0$aBanipal revista de literatura arabe moderna (Electronic)

