=LDR  01053cas a22003018i 4500
=001  019789595
=003  Uk
=005  20221111110734.0
=006  m\\\\\\\\d\|\\\\\\
=007  cr||||||||||||
=008  200519c20209999enkar\p\o\\\\\0\\\a0eng\\
=022  0\$a2732-5245$202
=040  \\$aUk$beng$cUk$erda
=222  \4$aThe international comparative legal guide to digital business$b(Online)
=245  04$aThe international comparative legal guide to digital business.
=263  \\$a202006
=264  \1$aLondon :$bGlobal Legal Group
=310  \\$aAnnual
=336  \\$atext$2rdacontent
=337  \\$acomputer$2rdamedia
=338  \\$aonline resource$2rdacarrier
=985  \\$aNO FILE - WFH RECORD
=985  \\$aISSN UK Centre: see also print format version, ISSN 2732-5237. Please add 776 to both records on completion.
=CAT  \\$a10806$b40$c20200519$lBLL01$h0845
=CAT  \\$a10973$b40$c20221111$lBLL01$h1107
=FMT  \\$a  SE
=LAS  \\$a10973$b40$c20221111$lBLL01$h1107
=LET  \0$aInternational comparative legal guide to digital business (Electronic)

