=LDR  00980 as a22003018i 4500
=001  019791427
=003  Uk
=005  20200805091538.0
=006  m\\\\\\\\d\|\\\\\\
=007  cr||||||||||||
=008  200519c20209999enkdr\p\o\\\\\0\\\e0chi\\
=022  0\$a2732-4338$202
=040  \\$aUk$beng$cUk$erda
=222  \0$aAgesi Zhongguo yuan you ri bao
=245  00$aAgesi Zhongguo yuan you ri bao = Argus China crude
=246  13$aArgus China crude
=263  \\$a202005
=264  \1$aLondon :$bArgus Media
=310  \\$aDaily
=336  \\$atext$2rdacontent
=337  \\$acomputer$2rdamedia
=338  \\$aonline resource$2rdacarrier
=985  \\$aNO FILE - WFH RECORD.
=985  \\$aISSN UK CENTRE: application made for , transliteration provided by Emma. Please ask Donna for correspondence if required.
=CAT  \\$a10973$b40$c20200519$lBLL01$h2059
=CAT  \\$a10973$b40$c20200805$lBLL01$h0915
=FMT  \\$a  SE
=LAS  \\$a10973$b40$c20200805$lBLL01$h0915

