=LDR  00982cas a22003258i 4500
=001  019791557
=003  Uk
=005  20230608113949.0
=006  m\\\\\\\\d\|\\\\\\
=007  cr||||||||||||
=008  200520c20209999enkar\p\o\\\\\0\\\a0eng\\
=022  0\$a2732-5369$202
=040  \\$aUk$beng$cUk$erda
=222  \0$aWoodland words$b(Online)
=245  00$aWoodland words.
=263  \\$a202005
=264  \1$aOxford :$bWytham Woods (University of Oxford)
=310  \\$aAnnual
=336  \\$atext$2rdacontent
=337  \\$acomputer$2rdamedia
=338  \\$aonline resource$2rdacarrier
=985  \\$aNO FILE - WFH RECORD
=985  \\$aPlease link to ISSN 2732-5350 if ever completed. Thank you.
=CAT  \\$a10806$b40$c20200520$lBLL01$h1244
=CAT  \\$a10806$b40$c20200520$lBLL01$h1245
=CAT  \\$a10806$b40$c20230608$lBLL01$h1139
=CAT  \\$a10806$b40$c20230608$lBLL01$h1139
=FMT  \\$a  SE
=LAS  \\$a10806$b40$c20230608$lBLL01$h1139
=LET  \0$aWoodland words (Electronic)

