=LDR  01031 as a22002898i 4500
=001  019793821
=003  Uk
=005  20200522203238.0
=006  m\\\\\\\\d\|\\\\\\
=007  cr||||||||||||
=008  200522c20209999enkwr\p\o\\\\\0\\\a0eng\\
=022  0\$a2732-4583$202
=040  \\$aUk$beng$cUk$erda
=222  \0$aFast & furious$b(Online)
=245  00$aFast & furious.
=263  \\$a202010
=264  \1$aLondon :$bDe Agostini UK Ltd
=310  \\$aWeekly
=336  \\$atext$2rdacontent
=337  \\$acomputer$2rdamedia
=338  \\$aonline resource$2rdacarrier
=985  \\$aNO FILE - WFH RECORD.
=985  \\$aISSN UK Centre note: This title was tested in 2019 in print (4 issues) but will be launched nationally in Sep/Oct 2020 and digital edition will be available in addition to print version. Please add 77X to both records as required on completion. See ISSN for print format.
=CAT  \\$a10973$b40$c20200522$lBLL01$h2032
=FMT  \\$a  SE
=LAS  \\$a10973$b40$c20200522$lBLL01$h2032
=LET  \0$aFast & furious (Electronic)

