=LDR  01117 as a22003018i 4500
=001  019797145
=003  Uk
=005  20210820145934.0
=007  ta
=008  200527c20209999enktr\m\\\\\\\0\\\a0eng\\
=022  0\$a2732-5768$202
=040  \\$aUk$beng$cUk$erda
=222  \0$aWorld Reserve Trust research paper series$b(Print)
=245  00$aWorld Reserve Trust research paper series.
=263  \\$a202006
=264  \1$aNewhaven :$bWorld Reserve Trust Foundation
=310  \\$aThree times a year
=336  \\$atext$2rdacontent
=337  \\$aunmediated$2rdamedia
=338  \\$avolume$2rdacarrier
=985  \\$aISSN UK Centre: see also online format version, ISSN 2732-5776. Please add 776 to both records on completion.
=985  \\$aISSN UK Centre: email sent to publisher 20/8/21 querying if print format published or if this is a print on demand publication. DLW.
=985  \\$aNO FILE - WFH RECORD
=CAT  \\$a10806$b40$c20200527$lBLL01$h1512
=CAT  \\$a10973$b40$c20210820$lBLL01$h1459
=FMT  \\$a  SE
=LAS  \\$a10973$b40$c20210820$lBLL01$h1459
=LET  \0$aWorld Reserve Trust research paper series (Print)

