=LDR  01030 as a22002778i 4500
=001  019827999
=003  Uk
=005  20200703105058.0
=006  m\\\\\\\\d\|\\\\\\
=007  cr||||||||||||
=008  200703c20209999enkar\p\o\\\\\0\\\a0eng\\
=022  0\$a2634-9787$202
=040  \\$aUk$beng$cUk$erda
=222  \0$aSiemens Healthineers medical device companies analysis
=245  00$aSiemens Healthineers medical device companies analysis.
=263  \\$a202007
=264  \1$aLondon :$bFitch
=310  \\$aAnnual
=336  \\$atext$2rdacontent
=337  \\$acomputer$2rdamedia
=338  \\$aonline resource$2rdacarrier
=985  \\$aPubl says is a c/t from ISSN 2514-1600 'Siemens Healthcare medical device companies analysis'. Siemens Healthineers is a result of different Siemens companies merging. Last issue of 2514-1600 thought to be 2017. Please make relevant 7xx links when completing.
=985  \\$aNO FILE - WFH RECORD.
=CAT  \\$a7152$b40$c20200703$lBLL01$h1050
=FMT  \\$a  SE
=LAS  \\$a7152$b40$c20200703$lBLL01$h1050

