=LDR  01190cas a22003138i 4500
=001  019878796
=003  Uk
=005  20230904083712.0
=007  ta
=008  200812c20219999enkar\p\\\\\\\0\\\a0eng\\
=022  0\$a2634-7911$202
=040  \\$aUk$beng$cUk$erda
=222  \0$aRationale$b(2020. Print)
=245  00$aRationale :$bstudent economics journal.
=263  \\$a202402
=264  \1$aLondon :$bHoughton St Press
=310  \\$aAnnual
=336  \\$atext$2rdacontent
=337  \\$aunmediated$2rdamedia
=338  \\$avolume$2rdacarrier
=985  \\$aNO FILE - WFH RECORD
=985  \\$aPlease link to ISSN 2634-7903 (Online) on completion.
=985  \\$aPlease link as C/T from ISSN 2633-2876 on completion.
=985  \\$aISSN UK Centre: response to claim, student publication which will hopefully be published in print later in 2023. Issues were printed previously but ceased during pandemic (unclear if under this title or earlier title). Requested to retain print ISSN for time being. (DLW 4/9/23).
=CAT  \\$a10806$b40$c20200812$lBLL01$h0745
=CAT  \\$a10973$b40$c20230904$lBLL01$h0837
=FMT  \\$a  SE
=LAS  \\$a10973$b40$c20230904$lBLL01$h0837
=LET  \0$aRationale (Print)

