=LDR  00784 as a22002658i 4500
=001  019896534
=003  Uk
=005  20200824090208.0
=006  m\\\\\\\\d\|\\\\\\
=007  cr||||||||||||
=008  200824c20209999enkbr\p\o\\\\\0\\\a0eng\\
=022  0\$a2634-8209$202
=040  \\$aUk$beng$cUk$erda
=222  \0$aFrontier of international corporate & commercial law
=245  00$aFrontier of international corporate & commercial law.
=263  \\$a202010
=264  \1$aLondon :$bCECCA
=310  \\$aBimonthly
=336  \\$atext$2rdacontent
=337  \\$acomputer$2rdamedia
=338  \\$aonline resource$2rdacarrier
=985  \\$aC/T from ISSN 2631-7524. Please link on completion
=CAT  \\$a10806$b40$c20200824$lBLL01$h0902
=FMT  \\$a  SE
=LAS  \\$a10806$b40$c20200824$lBLL01$h0902

