=LDR  00853cas a22002898i 4500
=001  019931369
=003  Uk
=005  20220930153559.0
=007  ta
=008  200909c20239999enkar\p\\\\\\\0\\\a0eng\\
=022  0\$a2634-8411$202
=040  \\$aUk$beng$cUk$erda
=222  \0$aIreland$b(Qualify. Print)
=245  00$aIreland ...
=263  \\$a202310
=264  \1$aLondon :$bChelsea Magazine Company Limited
=310  \\$aAnnual
=336  \\$atext$2rdacontent
=337  \\$aunmediated$2rdamedia
=338  \\$avolume$2rdacarrier
=776  08$iAlso issued online as:$tIreland (Qualify. Online)$x2634-842X
=985  \\$aC/T from ISSN 2515-7671 Ireland's best. Please link.
=CAT  \\$a10806$b40$c20200909$lBLL01$h0934
=CAT  \\$a11130$b40$c20220930$lBLL01$h1535
=FMT  \\$a  SE
=LAS  \\$a11130$b40$c20220930$lBLL01$h1535
=LET  \0$aIreland ... (Print)

