=LDR  00946 as a22002898i 4500
=001  019944474
=003  Uk
=005  20200921085636.0
=007  ta
=008  200921c20139999enkqr\p\\\\\\\0\\\a0eng\\
=022  0\$a2634-8489$202
=040  \\$aUk$beng$cUk$erda
=222  \0$aInternational journal of innovative medicine and health science$b(Print)
=245  00$aInternational journal of innovative medicine and health science.
=246  3\$aIJIMHS
=263  \\$a202012
=264  \1$aWatford :$bWhite Science Journals
=310  \\$aQuarterly
=336  \\$atext$2rdacontent
=337  \\$aunmediated$2rdamedia
=338  \\$avolume$2rdacarrier
=985  \\$aPlease link to ISSN 2056-9866 (Online) on completion.
=CAT  \\$a10806$b40$c20200921$lBLL01$h0855
=CAT  \\$a10806$b40$c20200921$lBLL01$h0856
=FMT  \\$a  SE
=LAS  \\$a10806$b40$c20200921$lBLL01$h0856
=LET  \0$aInternational journal of innovative medicine and health science (Print)

