=LDR  01077cas a22003378i 4500
=001  019974916
=003  Uk
=005  20230217153829.0
=006  m\\\\\\\\d\|\\\\\\
=007  cr||||||||||||
=008  201008c20209999enkfr\p\o\\\\\0\\\a0eng\\
=022  0\$a2635-2281$202
=040  \\$aUk$beng$cUk$erda
=222  \0$aSwift$b(Qualify. Online)
=245  00$aSwift
=263  \\$a202010
=264  \1$aWhickham :$bL. Warren
=310  \\$aSemiannual
=336  \\$atext$2rdacontent
=337  \\$acomputer$2rdamedia
=338  \\$aonline resource$2rdacarrier
=985  \\$aOn receipt of online edition add 776's to both online and print record, print at 019974915.
=985  \\$aISSN Suppressed 17.02.2023. No evidence of publication
=985  \\$aISSN record only. Please do not merge this record. Do not add items
=CAT  \\$a10973$b40$c20201008$lBLL01$h1226
=CAT  \\$a10969$b40$c20210317$lBLL01$h1336
=CAT  \\$a5466D$b40$c20230217$lBLL01$h1538
=FMT  \\$a  SE
=LAS  \\$a5466D$b40$c20230217$lBLL01$h1538
=LET  \0$aSwift (Electronic)
=STA  \\$aSUPPRESSED$bISSN

