=LDR  01015cas a22003138i 4500
=001  020011106
=003  Uk
=005  20230207150704.0
=007  ta
=008  201116c20209999enkbr\p\\\\\\\0\\\a0eng\\
=022  0\$a2635-1269$202
=040  \\$aUk$beng$cUk$erda
=222  \0$aAugmented reality join-the-dots$b(Print)
=245  00$aAugmented reality join-the-dots.
=263  \\$a202011
=264  \1$aOxford :$bD. Waithe
=310  \\$aBimonthly
=336  \\$atext$2rdacontent
=337  \\$aunmediated$2rdamedia
=338  \\$avolume$2rdacarrier
=776  08$iAlso issued online as:$tAugmented reality join-the-dots$x2635-1277
=985  \\$aISSN Suppressed 07.02.2023. No evidenceof publication.
=985  \\$aISSN record only. Please do not merge this record. Do not add items.
=CAT  \\$a10973$b40$c20201116$lBLL01$h1115
=CAT  \\$a5466D$b40$c20230207$lBLL01$h1507
=FMT  \\$a  SE
=LAS  \\$a5466D$b40$c20230207$lBLL01$h1507
=LET  \0$aAugmented reality join-the-dots (Print)
=STA  \\$aSUPPRESSED$bISSN

