=LDR  01073cas a22003258i 4500
=001  020011107
=003  Uk
=005  20230207151311.0
=006  m\\\\\\\\d\|\\\\\\
=007  cr||||||||||||
=008  201116c20209999enkbr\p\o\\\\\0\\\a0eng\\
=022  0\$a2635-1277$202
=040  \\$aUk$beng$cUk$erda
=222  \0$aAugmented reality join-the-dots$b(Online)
=245  00$aAugmented reality join-the-dots.
=263  \\$a202011
=264  \1$aOxford :$bD. Waithe
=310  \\$aBimonthly
=336  \\$atext$2rdacontent
=337  \\$acomputer$2rdamedia
=338  \\$aonline resource$2rdacarrier
=776  08$iAlso issued in print as:$tAugmented reality join-the-dots$x2635-1269
=985  \\$aISSN Suppressed 07.02.2023. No evidence of publication.
=985  \\$aISSN record only. Please do not merge this record. Do not add items
=CAT  \\$a10973$b40$c20201116$lBLL01$h1115
=CAT  \\$a5466D$b40$c20230207$lBLL01$h1513
=FMT  \\$a  SE
=LAS  \\$a5466D$b40$c20230207$lBLL01$h1513
=LET  \0$aAugmented reality join-the-dots (Electronic)
=STA  \\$aSUPPRESSED$bISSN

