=LDR  00768 as a22002658i 4500
=001  020023511
=003  Uk
=005  20201201083639.0
=007  ta
=008  201130c20219999enkqr\p\\\\\\\0\\\a0eng\\
=022  0\$a2634-2421$202
=040  \\$aUk$beng$cUk$erda
=222  \0$aMU$b(Qualify)
=245  00$aMU.
=263  \\$a202101
=264  \1$aMarks Tey, Essex :$bMU Magazine
=310  \\$aQuarterly
=336  \\$atext$2rdacontent
=337  \\$aunmediated$2rdamedia
=338  \\$avolume$2rdacarrier
=985  \\$aISSN UK Centre has asked publisher about expansion of MU - it doesn't expand to anything (Richard, 01/12/20)
=CAT  \\$a10806$b40$c20201130$lBLL01$h1009
=CAT  \\$a10806$b40$c20201201$lBLL01$h0836
=FMT  \\$a  SE
=LAS  \\$a10806$b40$c20201201$lBLL01$h0836

