=LDR  00811 as a22002538i 4500
=001  020050078
=003  Uk
=005  20201231095341.0
=006  m\\\\\\\\d\|\\\\\\
=007  cr||||||||||||
=008  201231c20049999enk\x\p\o\\\\\0\\\a0eng\\
=022  0\$a2753-9067$202
=040  \\$aUk$beng$cUk$erda
=222  \0$aHypatia reviews online
=245  00$aHypatia reviews online.
=263  \\$a202103
=264  \1$aCambridge :$bCambridge University Press
=336  \\$atext$2rdacontent
=337  \\$acomputer$2rdamedia
=338  \\$aonline resource$2rdacarrier
=985  \\$aISSN UK: This resource already exists online but moving to CUP in 2021. Please complete when CUP have valid URL (Richard (Leeds), 31/12/20)
=CAT  \\$a10806$b40$c20201231$lBLL01$h0953
=FMT  \\$a  SE
=LAS  \\$a10806$b40$c20201231$lBLL01$h0953

