=LDR  00985cas a22002778i 4500
=001  020058265
=003  Uk
=005  20230316135837.0
=007  ta
=008  210107c20239999enkqr\p\\\\\\\0\\\a0eng\\
=022  0\$a2753-9121$202
=040  \\$aUk$beng$cUk$erda
=222  \0$aCambridge journal of Eurasian studies$b(Print)
=245  00$aCambridge journal of Eurasian studies.
=263  \\$a202306
=264  \1$aCambridge :$bCambridge Scientific Publishers
=310  \\$aQuarterly
=336  \\$atext$2rdacontent
=337  \\$aunmediated$2rdamedia
=338  \\$avolume$2rdacarrier
=985  \\$aWill need linking to ISSN 2514-4634 (Online) when completing. CSP are taking over from Veruscript and launching title in print for first time. Online record will need re-opening too.
=CAT  \\$a10806$b40$c20210107$lBLL01$h0918
=CAT  \\$a5466D$b40$c20230316$lBLL01$h1358
=FMT  \\$a  SE
=LAS  \\$a5466D$b40$c20230316$lBLL01$h1358
=LET  \0$aCambridge journal of Eurasian studies (Print)

