=LDR  01190cas a22003618i 4500
=001  020058400
=003  Uk
=005  20230315151841.0
=006  m\\\\\\\\d\|\\\\\\
=007  cr||||||||||||
=008  210107c20209999enkfr\p\o\\\\\0\\\a0eng\\
=022  0\$a2752-373X$202
=040  \\$aUk$beng$cUk$erda
=222  \0$aMarfa$b(Online)
=245  00$aMarfa.
=263  \\$a202103
=264  \1$aLondon :$bA. Gordienko
=310  \\$aSemiannual
=336  \\$atext$2rdacontent
=337  \\$acomputer$2rdamedia
=338  \\$aonline resource$2rdacarrier
=985  \\$aISSN Suppressed 15.03.2023. Never published in online format.
=985  \\$aISSN record only. Please do not merge this record. Do not add items.
=985  \\$aISSN UK Centre: c/t from Marfamily (2752-3713) ; please add 78X as required.
=985  \\$aPlease link to print ISSN 2752-3721 on completion. Thank you.
=CAT  \\$a10973$b40$c20210107$lBLL01$h1653
=CAT  \\$a11130$b40$c20210607$lBLL01$h1642
=CAT  \\$a10806$b40$c20210729$lBLL01$h1120
=CAT  \\$a5466D$b40$c20230315$lBLL01$h1518
=FMT  \\$a  SE
=LAS  \\$a5466D$b40$c20230315$lBLL01$h1518
=LET  \0$aMarfa (Electronic)
=STA  \\$aSUPPRESSED$bISSN

