=LDR  00846 as a22002898i 4500
=001  020099708
=003  Uk
=005  20210204111248.0
=006  m\\\\\\\\d\|\\\\\\
=007  cr||||||||||||
=008  210204c20219999enkqr\p\o\\\\\0\\\a0eng\\
=022  0\$a2634-2308$202
=040  \\$aUk$beng$cUk$erda
=222  \0$aEn bloc$b(Online)
=245  00$aEn bloc.
=263  \\$a202103
=264  \1$aBude :$bEn Bloc Publications Ltd
=310  \\$aQuarterly
=336  \\$atext$2rdacontent
=337  \\$acomputer$2rdamedia
=338  \\$aonline resource$2rdacarrier
=776  08$iAlso issued in print as:$tEn bloc$x2634-2294
=985  \\$aOnline format is a pdf available to download via an App. ISSN UK Centre, 4.2.21
=CAT  \\$a7152$b40$c20210204$lBLL01$h1112
=FMT  \\$a  SE
=LAS  \\$a7152$b40$c20210204$lBLL01$h1112
=LET  \0$aEn bloc (Electronic)

