=LDR  00872 as a22002898i 4500
=001  020112333
=003  Uk
=005  20210226065027.0
=007  ta
=008  210222c20219999enkbr\p\\\\\\\0\\\a0eng\\
=022  0\$a2753-9652$202
=040  \\$aUk$beng$cUk$erda
=222  \0$a50 special$b(Qualify)
=245  00$a50 special.
=246  3\$aFifty special
=263  \\$a202103
=264  \1$aClacton-on-Sea :$bJRW
=310  \\$aBimonthly
=336  \\$atext$2rdacontent
=337  \\$aunmediated$2rdamedia
=338  \\$avolume$2rdacarrier
=985  \\$aISSN UK Centre: title flagged as needing qualification by IC as Portal recognises as identical to ISSN 1353-0569, 50 + special.
=CAT  \\$a10806$b40$c20210222$lBLL01$h1342
=CAT  \\$a10973$b40$c20210226$lBLL01$h0648
=CAT  \\$a10973$b40$c20210226$lBLL01$h0650
=FMT  \\$a  SE
=LAS  \\$a10973$b40$c20210226$lBLL01$h0650

