=LDR  01020cas a22002898i 4500
=001  020116027
=003  Uk
=005  20230404105829.0
=006  m\\\\\\\\d\|\\\\\\
=007  cr||||||||||||
=008  210226c20119999stktr\p\o\\\\\0\\\a0eng\\
=022  0\$a2752-5139$202
=040  \\$aUk$beng$cUk$erda
=222  \4$aThe journal of social business$b(Online)
=245  04$aThe journal of social business.
=263  \\$a202402
=264  \1$aGlasgow :$bThe Centre for Development (CFD) Scotland
=310  \\$aThree times a year
=336  \\$atext$2rdacontent
=337  \\$acomputer$2rdamedia
=338  \\$aonline resource$2rdacarrier
=985  \\$aISSN UK Centre: Publisher is launching online version alongside existing print version (ISSN 2045-1083) from April 2021. Please add 776 to both records on completion
=CAT  \\$a10973$b40$c20210226$lBLL01$h1606
=CAT  \\$a5466D$b40$c20230404$lBLL01$h1058
=FMT  \\$a  SE
=LAS  \\$a5466D$b40$c20230404$lBLL01$h1058
=LET  \4$aThe journal of social business (Electronic)

