=LDR  01047 as a22002898i 4500
=001  020136658
=003  Uk
=005  20210317091643.0
=006  m\\\\\\\\d\|\\\\\\
=007  cr||||||||||||
=008  210317d19431945enkar\p\o\\\\\0\\\a0eng\\
=022  0\$a2754-0197$202
=040  \\$aUk$beng$cUk$erda
=222  \0$aYear book$b(Electron Microscope Society of America)
=245  00$aYear book (Electron Microscope Society of America).
=246  3\$aYearbook
=263  \\$a202110
=264  \1$aCambridge :$bCambridge University Press
=310  \\$aAnnual
=336  \\$atext$2rdacontent
=337  \\$acomputer$2rdamedia
=338  \\$aonline resource$2rdacarrier
=985  \\$aSee correspondence in ISSN UK between Richard (Leeds) & Esther Simpson (U.S. Center). Will need completing as digital reproduction record and may need to be transferred to U.S. Center (Richard, 17/03/21)
=CAT  \\$a10806$b40$c20210317$lBLL01$h0916
=FMT  \\$a  SE
=LAS  \\$a10806$b40$c20210317$lBLL01$h0916
=LET  \0$aYear book (Electron Microscope Society of America)

