=LDR  01331 as a22003018i 4500
=001  020136663
=003  Uk
=005  20210317092707.0
=006  m\\\\\\\\d\|\\\\\\
=007  cr||||||||||||
=008  210317d1946196uenkar\p\o\\\\\0\\\a0eng\\
=022  0\$a2754-0200$202
=040  \\$aUk$beng$cUk$erda
=222  \0$aProgramme$b(Electron Microscope Society of America and American Society for X-Ray and Electron Diffraction)
=245  00$aProgramme (Electron Microscope Society of America and American Society for X-Ray and Electron Diffraction).
=246  3\$aProgram
=263  \\$a202110
=264  \1$aCambridge :$bCambridge University Press
=310  \\$aAnnual
=336  \\$atext$2rdacontent
=337  \\$acomputer$2rdamedia
=338  \\$aonline resource$2rdacarrier
=985  \\$aSee correspondence in ISSN UK between Richard (Leeds) & Esther Simpson (U.S. Center). Will need completing as digital reproduction record and may need to be transferred to U.S. Center (Richard, 17/03/21). Will also need links to 0748-8866 in consultation with U.S. Center
=CAT  \\$a10806$b40$c20210317$lBLL01$h0923
=CAT  \\$a10806$b40$c20210317$lBLL01$h0927
=FMT  \\$a  SE
=LAS  \\$a10806$b40$c20210317$lBLL01$h0927
=LET  \0$aProgramme (Electron Microscope Society of America and American Society for X-Ray and Electron Diffraction)

