=LDR  00875 as a22002898i 4500
=001  020148787
=003  Uk
=005  20211005154729.0
=006  m\\\\\\\\d\|\\\\\\
=007  cr||||||||||||
=008  210331c20219999enkmx\p\o\\\\\0\\\a0eng\\
=022  0\$a2754-0324$202
=040  \\$aUk$beng$cUk$erda
=222  \0$aIcons series$b(Online)
=245  00$aIcons.
=263  \\$a202105
=264  \1$aBath :$bFuture Publishing
=310  \\$aThirteen times a year
=336  \\$atext$2rdacontent
=337  \\$acomputer$2rdamedia
=338  \\$aonline resource$2rdacarrier
=985  \\$aOnline version not yet available. Please add reciprocal 776 fields, ISSN 2754-0316 (Print) on completion.
=CAT  \\$a10806$b40$c20210331$lBLL01$h1014
=CAT  \\$a11205$b40$c20211005$lBLL01$h1547
=FMT  \\$a  SE
=LAS  \\$a11205$b40$c20211005$lBLL01$h1547
=LET  \0$aIcons series (Electronic)

