=LDR  01082 as a22002778i 4500
=001  020153038
=003  Uk
=005  20210408081742.0
=006  m\\\\\\\\d\|\\\\\\
=007  cr||||||||||||
=008  210408d19uu19uuenkuu\p\o\\\\\0\\\a0eng\\
=022  0\$a2754-0391$202
=040  \\$aUk$beng$cUk$erda
=222  \0$aBulletin of the Electron Microscope Society of America$b(Online)
=245  00$aBulletin of the Electron Microscope Society of America.
=263  \\$a202110
=264  \1$aCambridge :$bCambridge University Press
=336  \\$atext$2rdacontent
=337  \\$acomputer$2rdamedia
=338  \\$aonline resource$2rdacarrier
=985  \\$aSee correspondence in ISSN UK between Richard (Leeds) & Esther Simpson (U.S. Center). Will need completing as digital reproduction record and may need to be transferred to U.S. Center (Richard, 17/03/21)
=CAT  \\$a10806$b40$c20210408$lBLL01$h0816
=CAT  \\$a10806$b40$c20210408$lBLL01$h0817
=FMT  \\$a  SE
=LAS  \\$a10806$b40$c20210408$lBLL01$h0817
=LET  \0$aBulletin of the Electron Microscope Society of America (Electronic)

