=LDR  01175 as a22002898i 4500
=001  020153040
=003  Uk
=005  20210408082514.0
=006  m\\\\\\\\d\|\\\\\\
=007  cr||||||||||||
=008  210408d196419uuenkar\p\o\\\\\0\\\a0eng\\
=022  0\$a2754-0405$202
=040  \\$aUk$beng$cUk$erda
=222  \0$aProgramme$b(Annual Meeting, Electron Microscopy Society of America)
=245  00$aProgramme (Annual Meeting, Electron Microscopy Society of America).
=246  3\$aProgram
=263  \\$a202110
=264  \1$aCambridge :$bCambridge University Press
=310  \\$aAnnual
=336  \\$atext$2rdacontent
=337  \\$acomputer$2rdamedia
=338  \\$aonline resource$2rdacarrier
=985  \\$aSee correspondence in ISSN UK between Richard (Leeds) & Esther Simpson (U.S. Center). Will need completing as digital reproduction record and may need to be transferred to U.S. Center (Richard, 17/03/21). Will also need links to 0748-8866 in consultation with U.S. Center
=CAT  \\$a10806$b40$c20210408$lBLL01$h0825
=FMT  \\$a  SE
=LAS  \\$a10806$b40$c20210408$lBLL01$h0825
=LET  \0$aProgramme (Annual Meeting, Electron Microscopy Society of America) (Electronic)

