=LDR  01013 as a22002778i 4500
=001  020160579
=003  Uk
=005  20210416082416.0
=006  m\\\\\\\\d\|\\\\\\
=007  cr||||||||||||
=008  210416c20229999enk\x\p\o\\\\\0\\\a0eng\\
=022  0\$a2753-1244$202
=040  \\$aUk$beng$cUk$erda
=222  \0$aElements in theatre, performance and the political$b(Online)
=245  00$aElements in theatre, performance and the political.
=263  \\$a202207
=264  \1$aCambridge :$bCambridge University Press
=336  \\$atext$2rdacontent
=337  \\$acomputer$2rdamedia
=338  \\$aonline resource$2rdacarrier
=776  08$iAlso issued in print as:$tElements in theatre, performance and the political$x2753-1236
=985  \\$aPublisher indicated 'email' in application in error, it will be 'online'. ISSN UK Centre, SB.
=CAT  \\$a7152$b40$c20210416$lBLL01$h0824
=FMT  \\$a  SE
=LAS  \\$a7152$b40$c20210416$lBLL01$h0824
=LET  \0$aElements in theatre, performance and the political (Electronic)

