=LDR  00914 as a22002778i 4500
=001  020161413
=003  Uk
=005  20210419085633.0
=007  ta
=008  210419c20099999enkar\p\\\\\\\0\\\a0eng\\
=022  0\$a2754-0499$202
=040  \\$aUk$beng$cUk$erda
=222  \0$aAnnual report and accounts$b(Association of Personal Injury Lawyers. Print)
=245  00$aAnnual report and accounts.
=263  \\$a202106
=264  \1$aNottingham :$bAssociation of Personal Injury Lawyers (APIL)
=310  \\$aAnnual
=336  \\$atext$2rdacontent
=337  \\$aunmediated$2rdamedia
=338  \\$avolume$2rdacarrier
=985  \\$aPlease link to ISSN 2754-0502 (Online) on completion.
=CAT  \\$a10806$b40$c20210419$lBLL01$h0855
=CAT  \\$a10806$b40$c20210419$lBLL01$h0856
=FMT  \\$a  SE
=LAS  \\$a10806$b40$c20210419$lBLL01$h0856
=LET  \0$aAssociation of Personal Injury Lawyers Annual Report and Accounts (Print)

