=LDR  00824 as a22002898i 4500
=001  020171073
=003  Uk
=005  20210427074841.0
=007  ta
=008  210427c20209999enkfr\p\\\\\\\0\\\a0eng\\
=022  0\$a2754-074X$202
=040  \\$aUk$beng$cUk$erda
=222  \0$aART WORK magazine$b(Print)
=245  00$aART WORK magazine.
=246  3\$aARTWORK magazine
=263  \\$a202106
=264  \1$a[Waltham Abbey] :$b[Roisin Tapponi]
=310  \\$aSemiannual
=336  \\$atext$2rdacontent
=337  \\$aunmediated$2rdamedia
=338  \\$avolume$2rdacarrier
=985  \\$aPlease link to ISSN 2732-4761 (Online) on completion
=CAT  \\$a10806$b40$c20210427$lBLL01$h0747
=CAT  \\$a10806$b40$c20210427$lBLL01$h0748
=FMT  \\$a  SE
=LAS  \\$a10806$b40$c20210427$lBLL01$h0748
=LET  \0$aART WORK magazine (Print)

