=LDR  00728 as a22002538i 4500
=001  020190450
=003  Uk
=005  20210513073309.0
=007  ta
=008  210513c20219999enkuu\m\\\\\\\0\\\a0eng\\
=022  0\$a2754-0898$202
=040  \\$aUk$beng$cUk$erda
=222  \0$aGods and monsters
=245  00$aGods and monsters.
=263  \\$a202107
=264  \1$aManchester :$bGareth Kavanagh
=336  \\$atext$2rdacontent
=337  \\$aunmediated$2rdamedia
=338  \\$avolume$2rdacarrier
=985  \\$aSeries title - if necessary see correspondence in ISSN UK Centre (Richard, 13/05/21)
=CAT  \\$a10806$b40$c20210513$lBLL01$h0733
=FMT  \\$a  SE
=LAS  \\$a10806$b40$c20210513$lBLL01$h0733
=LET  \0$aGods and monsters (Print)

