=LDR  01623cas a22003978i 4500
=001  020215925
=003  Uk
=005  20230417145324.0
=006  m\\\\\\\\d\|\\\\\\
=007  cr||||||||||||
=008  210607c20219999enkmr\p\o\\\\\0\\\a0eng\\
=022  0\$a2752-6836$202
=040  \\$aUk$beng$cUk$erda
=222  \0$aLiberty international magazine$b(Online)
=245  00$aLiberty international magazine.
=263  \\$a202106
=264  \1$aLondon :$bLiberty Television Ltd
=310  \\$aMonthly
=336  \\$atext$2rdacontent
=337  \\$acomputer$2rdamedia
=338  \\$aonline resource$2rdacarrier
=776  08$iAlso issued in print as:$tLiberty international magazine$x2752-6828
=985  \\$aWaiting for URL from publisher - email sent 12/08/22. To be added: "Description based on: 1st edition (June/31 July 2021); title from PDF cover (PDF link received via email, viewed August 12, 2022)." Publisher now states URL will be sent in December 2022 (email received 23/08/22).
=985  \\$aISSN Suppressed 17.04.02023. No evidence of publication
=985  \\$aISSN record only. Please do not merge this record. Do not add items
=CAT  \\$a10973$b40$c20210607$lBLL01$h1406
=CAT  \\$a10973$b40$c20210607$lBLL01$h1408
=CAT  \\$a10806$b40$c20220812$lBLL01$h1007
=CAT  \\$a10806$b40$c20220812$lBLL01$h1126
=CAT  \\$a10806$b40$c20220823$lBLL01$h0753
=CAT  \\$a10806$b40$c20220823$lBLL01$h0901
=CAT  \\$a5466D$b40$c20230417$lBLL01$h1453
=FMT  \\$a  SE
=LAS  \\$a5466D$b40$c20230417$lBLL01$h1453
=LET  \0$aLiberty international magazine (Electronic)
=STA  \\$aSUPPRESSED$bISSN

