=LDR  01156cas a22003138i 4500
=001  020221383
=003  Uk
=005  20220210083551.0
=007  ta
=008  210610c20229999enkar\\\\\\\\\1\\\a0eng\\
=022  0\$a2754-1207$202
=040  \\$aUk$beng$cUk$erda
=222  \0$aProceedings of the Yidan Prize Doctoral Conference$b(Print)
=245  00$aProceedings of the Yidan Prize Doctoral Conference.
=263  \\$a202202
=264  \1$aOxford :$bDepartment of Education, University of Oxford and Yidan Prize Foundation
=310  \\$aAnnual
=336  \\$atext$2rdacontent
=337  \\$aunmediated$2rdamedia
=338  \\$avolume$2rdacarrier
=985  \\$aPlease link to ISSN 2754-1215 (Online) on completion
=985  \\$aNo print copy for 2021 - may print for 2022. Decided not to suppress print ISSN at this time (Richard, 10/02/22)
=CAT  \\$a10806$b40$c20210610$lBLL01$h0839
=CAT  \\$a10806$b40$c20220207$lBLL01$h1249
=CAT  \\$a10806$b40$c20220210$lBLL01$h0809
=CAT  \\$a11130$b40$c20220210$lBLL01$h0835
=FMT  \\$a  SE
=LAS  \\$a11130$b40$c20220210$lBLL01$h0835
=LET  \0$aProceedings of the Yidan Prize Doctoral Conference (Print)

