=LDR  00897 as a22003018i 4500
=001  020233272
=003  Uk
=005  20210621102212.0
=006  m\\\\\\\\d\|\\\\\\
=007  cr||||||||||||
=008  210621c20219999enktr\p\o\\\\\0\\\a0eng\\
=022  0\$a2754-737X$202
=040  \\$aUk$beng$cUk$erda
=222  \0$aPTMN.TEAU$b(Online)
=245  00$aPTMN.TEAU.
=246  13$aPTMN.TEAU [LDN]
=246  13$aPortmanteau LDN
=263  \\$a202112
=264  \1$aLondon :$bPortmanteau LDN Ltd
=310  \\$aThree issues yearly
=336  \\$atext$2rdacontent
=337  \\$acomputer$2rdamedia
=338  \\$aonline resource$2rdacarrier
=985  \\$aSee also print version, ISSN 2754-7361. Please add 776 fields when completing online record. ISSN UK, 21.06.2021
=CAT  \\$a11313$b40$c20210621$lBLL01$h1022
=FMT  \\$a  SE
=LAS  \\$a11313$b40$c20210621$lBLL01$h1022
=LET  \0$aPTMN.TEAU (Electronic)

