=LDR  00992cas a22003258i 4500
=001  020268322
=003  Uk
=005  20221021120610.0
=007  ta
=007  ta
=008  210721c19uu9999enkuu\p\\\\\\\0\\\a0eng\\
=022  0\$a1363-1101$202
=040  \\$aUk$beng$cUk$erda
=222  \0$aYesteryear$b(Qualify)
=245  00$aYesteryear.
=263  \\$a199709
=264  \1$aChichester :$bPortsmouth Pub. & Printing
=336  \\$atext$2rdacontent
=337  \\$aunmediated$2rdamedia
=338  \\$avolume$2rdacarrier
=985  \\$aISSN Suppressed 21.10.2022. No evidence of publication
=985  \\$aISSN record only. Please do not merge this record. Do not add items
=CAT  \\$a10806$b40$c20210721$lBLL01$h0812
=CAT  \\$a10806$b40$c20210809$lBLL01$h0740
=CAT  \\$a10806$b40$c20210824$lBLL01$h1433
=CAT  \\$a10806$b40$c20210824$lBLL01$h1435
=CAT  \\$a5466D$b40$c20221021$lBLL01$h1206
=FMT  \\$a  SE
=LAS  \\$a5466D$b40$c20221021$lBLL01$h1206
=STA  \\$aSUPPRESSED$bISSN

