=LDR  01118 as a22003138i 4500
=001  020288248
=003  Uk
=005  20211020120550.0
=006  m\\\\\\\\d\|\\\\\\
=007  cr||||||||||||
=008  210809c20219999enkfr\p\o\\\\\0\\\b0lav\\
=022  0\$a2754-2548$202
=040  \\$aUk$beng$cUk$erda
=222  \0$aRadam$b(Online)
=245  00$aRadam.
=263  \\$a202110
=264  \1$aCrawley :$bZanete Hussain
=310  \\$aSemiannual
=336  \\$atext$2rdacontent
=337  \\$acomputer$2rdamedia
=338  \\$aonline resource$2rdacarrier
=985  \\$aPlease link to ISSN 2754-253X (Print) on completion.
=985  \\$aISSN UK note: publisher has indicated that first issues will be published in Latvian. An English edition may then be introduced alongside the Latvian edition - will need separate print and online records for English edition (Richard/Sally, 09/08/21)
=CAT  \\$a10806$b40$c20210809$lBLL01$h0835
=CAT  \\$a10806$b40$c20210809$lBLL01$h0838
=CAT  \\$a10806$b40$c20211020$lBLL01$h1205
=FMT  \\$a  SE
=LAS  \\$a10806$b40$c20211020$lBLL01$h1205
=LET  \0$aRadam (Electronic)

