=LDR  01277 as a22003018i 4500
=001  020308716
=003  Uk
=005  20210825105924.0
=007  ta
=008  210825c20219999enkar\p\\\\\\\0\\\a0eng\\
=022  0\$a2754-2742$202
=040  \\$aUk$beng$cUk$erda
=222  \0$aCommercial dispute resolution. Essential intelligence. The Belt and Road Initiative$b(Print)
=245  00$aCommercial dispute resolution.$pEssential intelligence.$pThe Belt and Road Initiative.
=263  \\$a202109
=264  \1$aLondon :$bGlobal Legal Group Ltd
=310  \\$aAnnual
=336  \\$atext$2rdacontent
=337  \\$aunmediated$2rdamedia
=338  \\$avolume$2rdacarrier
=776  08$iAlso issued online as:$tCommercial dispute resolution. Essential intelligence. The Belt and Road Initiative$x2754-2750
=985  \\$aAssurances received from publisher that this is a separate title and not the same as ISSN 2633-755X. This title will be an annual. (Email rec'd in issn uk, 24/08/21)
=CAT  \\$a10806$b40$c20210825$lBLL01$h1043
=CAT  \\$a10806$b40$c20210825$lBLL01$h1044
=CAT  \\$a10806$b40$c20210825$lBLL01$h1059
=FMT  \\$a  SE
=LAS  \\$a10806$b40$c20210825$lBLL01$h1059
=LET  \0$aCommercial dispute resolution. Essential intelligence. The Belt and Road Initiative (Print)

