=LDR  01093cas a22002898i 4500
=001  020309547
=003  Uk
=005  20230523120313.0
=006  m\\\\\\\\d\|\\\\\\
=007  cr||||||||||||
=008  210827c20229999xxkfr\p\o\\\\\0\\\a0eng\\
=022  0\$a2753-1503$202
=040  \\$aUk$beng$cUk$erda
=222  \0$aPerspectives on evil$b(Online)
=245  00$aPerspectives on evil.
=263  \\$a202311
=264  \1$aFreeland :$bInter-Connexions
=310  \\$aTwo issues yearly
=336  \\$atext$2rdacontent
=337  \\$acomputer$2rdamedia
=338  \\$aonline resource$2rdacarrier
=985  \\$aRB correspondence with publisher. 2 'related' records on Aleph - orig publ online as 'Perspectives on evil and human wickedness (Online)' ISSN 1471-5597, also a suppressed prepub 2050-2125 'Perspectives on evil (Print)' that was never published. See RB to complete. SB ISSN UK Centre, 27/8/2021
=CAT  \\$a7152$b40$c20210827$lBLL01$h1314
=CAT  \\$a5466D$b40$c20230523$lBLL01$h1203
=FMT  \\$a  SE
=LAS  \\$a5466D$b40$c20230523$lBLL01$h1203
=LET  \0$aPerspectives on evil (Electronic)

