=LDR  00837cas a22002778i 4500
=001  020310556
=003  Uk
=005  20211223095651.0
=006  m\\\\\\\\d\|\\\\\\
=007  cr||||||||||||
=008  210831c20219999wlkwr\n\o\\\\\0\\\a0eng\\
=022  0\$a2753-152X$202
=040  \\$aUk$beng$cUk$erda
=222  \0$aTamar Valley times$b(Online)
=245  00$aTamar Valley times
=264  \1$aAbergavenny :$bTindle Newspapers (Wales and Borders) Ltd
=310  \\$aWeekly
=336  \\$atext$2rdacontent
=337  \\$acomputer$2rdamedia
=338  \\$aonline resource$2rdacarrier
=985  \\$aPlease link to ISSN 2753-1511 (Print) on completion
=CAT  \\$a7152$b40$c20210831$lBLL01$h1111
=CAT  \\$a10806$b40$c20211223$lBLL01$h0956
=FMT  \\$a  SE
=LAS  \\$a10806$b40$c20211223$lBLL01$h0956
=LET  \0$aTamar Valley times (Electronic)

