=LDR  00939 as a22002658i 4500
=001  020317536
=003  Uk
=005  20210902125404.0
=006  m\\\\\\\\d\|\\\\\\
=007  cr||||||||||||
=008  210902c20219999enkbr\p\o\\\\\0\\\a0eng\\
=022  0\$a2754-284X$202
=040  \\$aUk$beng$cUk$erda
=222  \0$aDigital transformation: industries connected
=245  00$aDigital transformation: industries connected.
=263  \\$a202110
=264  \1$aLondon :$bFitch Solutions
=310  \\$aBimonthly
=336  \\$atext$2rdacontent
=337  \\$acomputer$2rdamedia
=338  \\$aonline resource$2rdacarrier
=985  \\$aPlease consider presentation of title on completion - ISSN application suggests that 'industries connected' may be more part of title than just an average subtitle, so left in 222 {dollar}a and 245 {dollar}a at pre-pub stage.
=CAT  \\$a10806$b40$c20210902$lBLL01$h1254
=FMT  \\$a  SE
=LAS  \\$a10806$b40$c20210902$lBLL01$h1254

