=LDR  00865 as a22002778i 4500
=001  020331602
=003  Uk
=005  20210920082148.0
=007  ta
=008  210920c20189999sz\uu\m\\\\\\\0\\\a0eng\\
=022  0\$a2731-5029$202
=040  \\$aUk$beng$cUk$erda
=222  \0$aPalgrave games in context$b(Print)
=245  00$aPalgrave games in context.
=263  \\$a201806
=264  \1$aCham, Switzerland :$bPalgrave Macmillan
=336  \\$atext$2rdacontent
=337  \\$aunmediated$2rdamedia
=338  \\$avolume$2rdacarrier
=985  \\$aPlease link to online ISSN 2731-5037 on completion. Thank you (Richard, 20/09/21)
=985  \\$aISSN originally assigned by IC.
=CAT  \\$a10806$b40$c20210920$lBLL01$h0820
=CAT  \\$a10806$b40$c20210920$lBLL01$h0821
=FMT  \\$a  SE
=LAS  \\$a10806$b40$c20210920$lBLL01$h0821
=LET  \0$aPalgrave games in context (Print)

