=LDR  00898cas a22002898i 4500
=001  020331607
=003  Uk
=005  20211123131257.0
=006  m\\\\\\\\d\|\\\\\\
=007  cr||||||||||||
=008  210920c20219999enkqr\p\o\\\\\0\\\a0eng\\
=022  0\$a2754-3145$202
=040  \\$aUk$beng$cUk$erda
=222  \0$aFascinating Pakistan$b(Online)
=245  00$aFascinating Pakistan.
=263  \\$a202203
=264  \1$aLondon :$bStrings Media Ltd
=310  \\$aQuarterly
=336  \\$atext$2rdacontent
=337  \\$acomputer$2rdamedia
=338  \\$aonline resource$2rdacarrier
=985  \\$aNot yet available online. Please add reciprocal 776 fields to print version, ISSN 2754-3137, on completion.
=CAT  \\$a10806$b40$c20210920$lBLL01$h0843
=CAT  \\$a11205$b40$c20211123$lBLL01$h1312
=FMT  \\$a  SE
=LAS  \\$a11205$b40$c20211123$lBLL01$h1312
=LET  \0$aFascinating Pakistan (Electronic)

