=LDR  00975 as a22003018i 4500
=001  020337099
=003  Uk
=005  20211008100515.0
=006  m\\\\\\\\d\|\\\\\\
=007  cr||||||||||||
=008  210923c20219999enkfr\p\o\\\\\0\\\a0eng\\
=022  0\$a2754-3218$202
=040  \\$aUk$beng$cUk$erda
=222  \4$aThe journal of new economics$b(Online)
=245  04$aThe journal of new economics.
=263  \\$a202101
=264  \1$aGlasgow :$bGlobal Institute for New Economics (Centre for Development (CfD) Scotland)
=310  \\$aSemiannual
=336  \\$atext$2rdacontent
=337  \\$acomputer$2rdamedia
=338  \\$aonline resource$2rdacarrier
=985  \\$aPlease link to ISSN 2046-4339 (Print) on completion.
=CAT  \\$a10806$b40$c20210923$lBLL01$h0819
=CAT  \\$a10806$b40$c20210923$lBLL01$h0823
=CAT  \\$a10806$b40$c20211008$lBLL01$h1005
=FMT  \\$a  SE
=LAS  \\$a10806$b40$c20211008$lBLL01$h1005
=LET  \4$aThe journal of new economics (Electronic)

