=LDR  00892 as a22002778i 4500
=001  020343288
=003  Uk
=005  20210930133727.0
=006  m\\\\\\\\d\|\\\\\\
=007  cr||||||||||||
=008  210930c20229999enkfr\p\o\\\\\0\\\a0eng\\
=022  0\$a2752-8820$202
=040  \\$aUk$beng$cUk$erda
=222  \0$aItaly crime, defence & security report
=245  00$aItaly crime, defence & security report.
=246  3\$aItaly crime, defence and security report
=263  \\$a202110
=264  \1$aLondon :$bFitch Solutions
=310  \\$aSemiannual
=336  \\$atext$2rdacontent
=337  \\$acomputer$2rdamedia
=338  \\$aonline resource$2rdacarrier
=985  \\$aISSN UK Centre: change of title from Italy defence & security report (ISSN 2396-1201). Please add 78X/LKR as required.
=CAT  \\$a10973$b40$c20210930$lBLL01$h1337
=FMT  \\$a  SE
=LAS  \\$a10973$b40$c20210930$lBLL01$h1337

