=LDR  00941 as a22002898i 4500
=001  020343813
=003  Uk
=005  20211001104729.0
=006  m\\\\\\\\d\|\\\\\\
=007  cr||||||||||||
=008  210930c20229999enkar\p\o\\\\\0\\\a0eng\\
=022  0\$a2752-8847$202
=040  \\$aUk$beng$cUk$erda
=222  \0$aJordan crime, defence & security report
=245  00$aJordan crime, defence & security report.
=246  3\$aJordan crime, defence and security report
=263  \\$a202110
=264  \1$aLondon :$bFitch Solutions
=310  \\$aAnnual
=336  \\$atext$2rdacontent
=337  \\$acomputer$2rdamedia
=338  \\$aonline resource$2rdacarrier
=985  \\$aISSN UK Centre: change of title from Jordan defence & security report (ISSN 2396-1228). Please add 78X/LKR as required.
=CAT  \\$a10973$b40$c20211001$lBLL01$h1045
=CAT  \\$a10973$b40$c20211001$lBLL01$h1047
=FMT  \\$a  SE
=LAS  \\$a10973$b40$c20211001$lBLL01$h1047

