=LDR  00896 as a22002778i 4500
=001  020343870
=003  Uk
=005  20211001114035.0
=006  m\\\\\\\\d\|\\\\\\
=007  cr||||||||||||
=008  210930c20229999enkfr\p\o\\\\\0\\\a0eng\\
=022  0\$a2752-9061$202
=040  \\$aUk$beng$cUk$erda
=222  \0$aUganda crime, defence & security report
=245  00$aUganda crime, defence & security report.
=246  3\$aUganda crime, defence and security report
=263  \\$a202110
=264  \1$aLondon :$bFitch Solutions
=310  \\$aSemiannual
=336  \\$atext$2rdacontent
=337  \\$acomputer$2rdamedia
=338  \\$aonline resource$2rdacarrier
=985  \\$aISSN UK Centre: change of title from Uganda defence & security report (ISSN 2396-1465). Please add 78X/LKR as required.
=CAT  \\$a10973$b40$c20211001$lBLL01$h1140
=FMT  \\$a  SE
=LAS  \\$a10973$b40$c20211001$lBLL01$h1140

