=LDR  00852 as a22002898i 4500
=001  020347497
=003  Uk
=005  20211004154611.0
=007  ta
=008  211004c20219999enkqr\p\\\\\\\0\\\a0eng\\
=022  0\$a2754-3315$202
=040  \\$aUk$beng$cUk$erda
=222  \0$aJournal of global medicine$b(Print)
=245  00$aJournal of global medicine.
=246  3\$aJOGM
=263  \\$a202111
=264  \1$aBirmingham :$bIbadan Medical Specialist Group (IMSG)
=310  \\$aQuarterly
=336  \\$atext$2rdacontent
=337  \\$aunmediated$2rdamedia
=338  \\$avolume$2rdacarrier
=985  \\$aPlease link to ISSN 2754-0995 (Online) on completion.
=CAT  \\$a10806$b40$c20211004$lBLL01$h1412
=CAT  \\$a10806$b40$c20211004$lBLL01$h1546
=FMT  \\$a  SE
=LAS  \\$a10806$b40$c20211004$lBLL01$h1546
=LET  \0$aJournal of global medicine (Print)

