=LDR  01040cas a22002658i 4500
=001  020353022
=003  Uk
=005  20230426144236.0
=006  m\\\\\\\\d\|\\\\\\
=007  cr||||||||||||
=008  211007c20249999enk\x\p\o\\\\\0\\\a0eng\\
=022  0\$a2752-9479$202
=040  \\$aUk$beng$cUk$erda
=222  \0$aResearch directions. Sleep psychology
=245  00$aResearch directions.$pSleep psychology
=263  \\$a202401
=264  \1$aCambridge :$bCambridge University Press & Assessment
=336  \\$atext$2rdacontent
=337  \\$acomputer$2rdamedia
=338  \\$aonline resource$2rdacarrier
=985  \\$aApplied for ISSN for this title 21.4.23, but already had provisional ISSN for title 'Research directions. Sleep science' due Jan 2023. Info from publisher, never publsihed, is a c/t ahead of publication. Have amended title and due date ahead of publication. ISSN UK, SB. 26.4.23
=CAT  \\$a10973$b40$c20211007$lBLL01$h1332
=CAT  \\$a7152$b40$c20230426$lBLL01$h1442
=FMT  \\$a  SE
=LAS  \\$a7152$b40$c20230426$lBLL01$h1442

