=LDR  00911 as a22002898i 4500
=001  020353501
=003  Uk
=005  20211008113018.0
=006  m\\\\\\\\d\|\\\\\\
=007  cr||||||||||||
=008  211008c20229999enkar\p\o\\\\\0\\\a0eng\\
=022  0\$a2754-3501$202
=040  \\$aUk$beng$cUk$erda
=222  \0$aKazakhstan crime, defence & security report
=245  00$aKazakhstan crime, defence & security report.
=246  3\$aKazakhstan crime, defence and security report
=263  \\$a202110
=264  \1$aLondon :$bFitch Solutions
=310  \\$aAnnual
=336  \\$atext$2rdacontent
=337  \\$acomputer$2rdamedia
=338  \\$aonline resource$2rdacarrier
=985  \\$aPossible C/T from ISSN 2056-001X Kazakhstan crime and security risk report???
=CAT  \\$a10806$b40$c20211008$lBLL01$h1128
=CAT  \\$a10806$b40$c20211008$lBLL01$h1130
=FMT  \\$a  SE
=LAS  \\$a10806$b40$c20211008$lBLL01$h1130

