=LDR  01043 as a22003018i 4500
=001  020355901
=003  Uk
=005  20211014135927.0
=006  m\\\\\\\\d\|\\\\\\
=007  cr||||||||||||
=008  211006c20229999enkar\p\o\\\\\0\\\a0eng\\
=022  0\$a2754-8384$202
=040  \\$aUk$beng$cUk$erda
=222  \0$aSerbia logistics & freight transport report
=245  00$aSerbia logistics & freight transport report.
=246  3\$aSerbia logistics and freight transport report
=263  \\$a202204
=264  \1$aLondon :$bFitch Solutions
=310  \\$aAnnual
=336  \\$atext$2rdacontent
=337  \\$acomputer$2rdamedia
=338  \\$aonline resource$2rdacarrier
=985  \\$aC/T from ISSN 2397-1495, Serbia freight transport & shipping report. Please add 78X and LKR fields when completing. ISSN UK, 07.10.2021.
=CAT  \\$a11313$b40$c20211012$lBLL01$h1445
=CAT  \\$a10973$b40$c20211014$lBLL01$h1359
=FMT  \\$a  SE
=LAS  \\$a10973$b40$c20211014$lBLL01$h1359
=LET  \0$aSerbia logistics & freight transport report (Electronic)

