=LDR  00992 as a22002898i 4500
=001  020359666
=003  Uk
=005  20211014094357.0
=006  m\\\\\\\\d\|\\\\\\
=007  cr||||||||||||
=008  211006c20229999enkqr\p\o\\\\\0\\\a0eng\\
=022  0\$a2754-8449$202
=040  \\$aUk$beng$cUk$erda
=222  \0$aSpain logistics & freight transport report
=245  00$aSpain logistics & freight transport report.
=246  3\$aSpain logistics and freight transport report
=263  \\$a202204
=264  \1$aLondon :$bFitch Solutions
=310  \\$aQuarterly
=336  \\$atext$2rdacontent
=337  \\$acomputer$2rdamedia
=338  \\$aonline resource$2rdacarrier
=985  \\$aC/T from ISSN 2397-155X, Spain freight transport & shipping report. Please add 78X and LKR fields when completing. ISSN UK, 07.10.2021.
=CAT  \\$a11313$b40$c20211014$lBLL01$h0943
=FMT  \\$a  SE
=LAS  \\$a11313$b40$c20211014$lBLL01$h0943
=LET  \0$aSpain logistics & freight transport report (Electronic)

