=LDR  01282cas a22003138i 4500
=001  020359671
=003  Uk
=005  20211201131953.0
=006  m\\\\\\\\d\|\\\\\\
=007  cr||||||||||||
=008  211006c20229999enkqr\p\o\\\\\0\\\a0eng\\
=022  0\$a2754-8457$202
=040  \\$aUk$beng$cUk$erda
=222  \0$aTaiwan, China logistics & freight transport report
=245  00$aTaiwan, China logistics & freight transport report.
=246  3\$aTaiwan, China logistics and freight transport report
=263  \\$a202203
=264  \1$aLondon :$bFitch Solutions
=310  \\$aQuarterly
=336  \\$atext$2rdacontent
=337  \\$acomputer$2rdamedia
=338  \\$aonline resource$2rdacarrier
=985  \\$aC/T from ISSN 2397-3226, Taiwan freight transport & shipping report. Please add 78X and LKR fields when completing. ISSN UK, 07.10.2021.
=985  \\$aISSN UK Centre: Title changed in advance of publication (orig requested as 'Taiwan logistics & freight transport report') and pre-pub Aleph record amended to reflect new title. ISSN UK Centre, 1.12.21
=CAT  \\$a11313$b40$c20211014$lBLL01$h0957
=CAT  \\$a7152$b40$c20211201$lBLL01$h1319
=FMT  \\$a  SE
=LAS  \\$a7152$b40$c20211201$lBLL01$h1319
=LET  \0$aTaiwan logistics & freight transport report (Electronic)

