=LDR  01067 as a22002898i 4500
=001  020359697
=003  Uk
=005  20211014111824.0
=006  m\\\\\\\\d\|\\\\\\
=007  cr||||||||||||
=008  211006c20229999enkqr\p\o\\\\\0\\\a0eng\\
=022  0\$a2754-8503$202
=040  \\$aUk$beng$cUk$erda
=222  \0$aUnited Arab Emirates logistics & freight transport report
=245  00$aUnited Arab Emirates logistics & freight transport report.
=246  3\$aUnited Arab Emirates logistics and freight transport report
=263  \\$a202204
=264  \1$aLondon :$bFitch Solutions
=310  \\$aQuarterly
=336  \\$atext$2rdacontent
=337  \\$acomputer$2rdamedia
=338  \\$aonline resource$2rdacarrier
=985  \\$aC/T from ISSN 2397-3277, United Arab Emirates freight transport & shipping report. Please add 78X and LKR fields when completing. ISSN UK, 07.10.2021.
=CAT  \\$a11313$b40$c20211014$lBLL01$h1118
=FMT  \\$a  SE
=LAS  \\$a11313$b40$c20211014$lBLL01$h1118
=LET  \0$aUnited Arab Emirates logistics & freight transport report (Electronic)

