=LDR  01016cas a22003258i 4500
=001  020359761
=003  Uk
=005  20220421092726.0
=006  m\\\\\\\\d\|\\\\\\
=007  cr||||||||||||
=008  211014c20229999enkqr\p\o\\\\\0\\\a0eng\\
=022  0\$a2752-9606$202
=040  \\$aUk$beng$cUk$erda
=222  \0$aESG global$b(Online)
=245  00$aESG global.
=246  3\$aEnvironment, social & governance global
=246  3\$aAirline economics ESG global
=263  \\$a202212
=264  \1$aStoke on Trent :$bV. Tozer-Pennington
=310  \\$aQuarterly
=336  \\$atext$2rdacontent
=337  \\$acomputer$2rdamedia
=338  \\$aonline resource$2rdacarrier
=776  08$iAlso issued in print as:$tESG global$x2752-9592
=985  \\$aISSN UK Centre: related title 'Airline economics', please add links as required.
=CAT  \\$a10973$b40$c20211014$lBLL01$h1300
=CAT  \\$a11130$b40$c20220421$lBLL01$h0927
=FMT  \\$a  SE
=LAS  \\$a11130$b40$c20220421$lBLL01$h0927
=LET  \0$aESG global (Electronic)

