=LDR  01056cas a22003378i 4500
=001  020368536
=003  Uk
=005  20230925085304.0
=007  ta
=008  211025c20239999enkwr\p\\\\\\\0\\\a0eng\\
=022  0\$a2754-429X$202
=040  \\$aUk$beng$cUk$erda
=222  \0$aMoto GP collection 1/18
=245  00$aMoto GP collection 1/18.
=246  3\$aMotoGP collection 1/18
=246  3\$aMoto Grand Prix collection 1/18
=263  \\$a202402
=264  \1$aLondon :$bDe Agostini UK Ltd
=310  \\$aWeekly
=336  \\$atext$2rdacontent
=337  \\$aunmediated$2rdamedia
=338  \\$avolume$2rdacarrier
=985  \\$aKey title will need qualifying if published as 'Moto GP collection' (see ISSN 1825-0270)
=CAT  \\$a10806$b40$c20211025$lBLL01$h0852
=CAT  \\$a10806$b40$c20211025$lBLL01$h0853
=CAT  \\$a10806$b40$c20211025$lBLL01$h0947
=CAT  \\$a11130$b40$c20220916$lBLL01$h1322
=CAT  \\$a11130$b40$c20220916$lBLL01$h1323
=CAT  \\$a5466D$b40$c20230925$lBLL01$h0853
=FMT  \\$a  SE
=LAS  \\$a5466D$b40$c20230925$lBLL01$h0853

