=LDR  00814 as a22002778i 4500
=001  020369235
=003  Uk
=005  20211026131130.0
=006  m\\\\\\\\d\|\\\\\\
=007  cr||||||||||||
=008  211026c20249999enkbr\p\o\\\\\0\\\a0eng\\
=022  0\$a2754-4370$202
=040  \\$aUk$beng$cUk$erda
=222  \0$aEpigenetic insights
=245  00$aEpigenetic insights.
=263  \\$a202401
=264  \1$aLondon :$bBioInsights Publishing Ltd
=310  \\$aBimonthly
=336  \\$atext$2rdacontent
=337  \\$acomputer$2rdamedia
=338  \\$aonline resource$2rdacarrier
=985  \\$aPublisher okay with similarity to ISSN 2516-8657 Epigenetics insights (SAGE)
=CAT  \\$a10806$b40$c20211026$lBLL01$h1310
=CAT  \\$a10806$b40$c20211026$lBLL01$h1311
=FMT  \\$a  SE
=LAS  \\$a10806$b40$c20211026$lBLL01$h1311

