=LDR  00757 as a22002658i 4500
=001  020377133
=003  Uk
=005  20211102132725.0
=007  ta
=008  211102c20229999enker\p\\\\\\\0\\\a0eng\\
=022  0\$a2754-4419$202
=040  \\$aUk$beng$cUk$erda
=222  \0$aMarvel mugs$b(Qualify)
=245  00$aMarvel mugs.
=263  \\$a202203
=264  \1$aLondon :$bHachette Partworks Ltd
=310  \\$aFortnightly
=336  \\$atext$2rdacontent
=337  \\$aunmediated$2rdamedia
=338  \\$avolume$2rdacarrier
=985  \\$aItalian edition already in existence, ISSN 2785-0498. Please qualify the English edition.
=CAT  \\$a10806$b40$c20211102$lBLL01$h1327
=FMT  \\$a  SE
=LAS  \\$a10806$b40$c20211102$lBLL01$h1327
=LET  \0$aMarvel mugs (Print)

