=LDR  00851 as a22002898i 4500
=001  020385136
=003  Uk
=005  20211108092124.0
=006  m\\\\\\\\d\|\\\\\\
=007  cr||||||||||||
=008  211108c20219999enkbr\p\o\\\\\0\\\a0eng\\
=022  0\$a2754-4540$202
=040  \\$aUk$beng$cUk$erda
=222  \0$aAgenda$b(Qualify. Online)
=245  00$aAgenda.
=263  \\$a202111
=264  \1$aLondon :$bBritish Geriatrics Society
=310  \\$aBimonthly
=336  \\$atext$2rdacontent
=337  \\$acomputer$2rdamedia
=338  \\$aonline resource$2rdacarrier
=776  08$iAlso issued in print as:$tAgenda$x2754-4532
=985  \\$aC/T from ISSN 1748-6351 BGS newsletter online. Please link on completion.
=CAT  \\$a10806$b40$c20211108$lBLL01$h0921
=FMT  \\$a  SE
=LAS  \\$a10806$b40$c20211108$lBLL01$h0921
=LET  \0$aAgenda (Electronic)

