=LDR  00837nas a22002778i 4500
=001  020406219
=003  Uk
=005  20211129110347.0
=007  ta
=008  211129c20229999enkqr\p\\\\\\\0\\\a0eng\\
=022  0\$a2754-5059$202
=040  \\$aUk$beng$cUk$erda
=222  \0$aNational Geographic kids special
=245  00$aNational Geographic kids special.
=263  \\$a202203
=264  \1$aLondon :$bCreature & Co.
=310  \\$aQuarterly
=336  \\$atext$2rdacontent
=337  \\$aunmediated$2rdamedia
=338  \\$avolume$2rdacarrier
=985  \\$aPlease link to ISSN 1752-1858 on completion.
=985  \\$aPublisher sent mock-up of cover at time of application (Richard, 29/11/21)
=CAT  \\$a10806$b40$c20211129$lBLL01$h1046
=CAT  \\$a10806$b40$c20211129$lBLL01$h1103
=FMT  \\$a  SE
=LAS  \\$a10806$b40$c20211129$lBLL01$h1103

