=LDR  00834nas a22002658i 4500
=001  020406883
=003  Uk
=005  20211130130825.0
=006  m\\\\\\\\d\|\\\\\\
=007  cr||||||||||||
=008  211130c20229999enkqr\p\o\\\\\0\\\a0eng\\
=022  0\$a2755-0427$202
=040  \\$aUk$beng$cUk$erda
=222  \0$aHong Kong, China infrastructure report
=245  00$aHong Kong, China infrastructure report.
=263  \\$a202112
=264  \1$aLondon :$bFitch Solutions
=310  \\$aQuarterly
=336  \\$atext$2rdacontent
=337  \\$acomputer$2rdamedia
=338  \\$aonline resource$2rdacarrier
=985  \\$aISSN UK Centre: change of title from 'Hong Kong infrastructure report' ISSN 2396-2798. Please add 78X/LKR as required.
=CAT  \\$a10973$b40$c20211130$lBLL01$h1308
=FMT  \\$a  SE
=LAS  \\$a10973$b40$c20211130$lBLL01$h1308

