=LDR  00892nas a22002658i 4500
=001  020406900
=003  Uk
=005  20211130133128.0
=006  m\\\\\\\\d\|\\\\\\
=007  cr||||||||||||
=008  211130c20229999enkqr\p\o\\\\\0\\\a0eng\\
=022  0\$a2755-0346$202
=040  \\$aUk$beng$cUk$erda
=222  \0$aHong Kong, China risk report
=245  00$aHong Kong, China risk report.
=263  \\$a202112
=264  \1$aLondon :$bFitch Solutions
=310  \\$aQuarterly
=336  \\$atext$2rdacontent
=337  \\$acomputer$2rdamedia
=338  \\$aonline resource$2rdacarrier
=985  \\$aISSN UK Centre: change of title from 'Hong Kong SAR risk report' ISSN 2632-1912. Please add 78X/LKR as required. Earlier title was provisional status at time of assignment but confirmed published.
=CAT  \\$a10973$b40$c20211130$lBLL01$h1331
=FMT  \\$a  SE
=LAS  \\$a10973$b40$c20211130$lBLL01$h1331

