=LDR  00779nas a22002658i 4500
=001  020406908
=003  Uk
=005  20211130133637.0
=006  m\\\\\\\\d\|\\\\\\
=007  cr||||||||||||
=008  211130c20229999enkqr\p\o\\\\\0\\\a0eng\\
=022  0\$a2754-5091$202
=040  \\$aUk$beng$cUk$erda
=222  \0$aHong Kong, China tourism report
=245  00$aHong Kong, China tourism report.
=263  \\$a202112
=264  \1$aLondon :$bFitch Solutions
=310  \\$aQuarterly
=336  \\$atext$2rdacontent
=337  \\$acomputer$2rdamedia
=338  \\$aonline resource$2rdacarrier
=985  \\$aC/T from Hong Kong tourism report, ISSN 2396-6653. Please link on completion.
=CAT  \\$a10806$b40$c20211130$lBLL01$h1336
=FMT  \\$a  SE
=LAS  \\$a10806$b40$c20211130$lBLL01$h1336

