=LDR  00854nas a22002778i 4500
=001  020406918
=003  Uk
=005  20211130134805.0
=006  m\\\\\\\\d\|\\\\\\
=007  cr||||||||||||
=008  211130c20229999enkqr\p\o\\\\\0\\\a0eng\\
=022  0\$a2754-5113$202
=040  \\$aUk$beng$cUk$erda
=222  \0$aHong Kong, China trade and investment risk report
=245  00$aHong Kong, China trade and investment risk report.
=263  \\$a202112
=264  \1$aLondon :$bFitch Solutions
=310  \\$aQuarterly
=336  \\$atext$2rdacontent
=337  \\$acomputer$2rdamedia
=338  \\$aonline resource$2rdacarrier
=985  \\$aC/T from ISSN 2056-211X, Hong Kong trade and investment risk report
=CAT  \\$a10806$b40$c20211130$lBLL01$h1347
=CAT  \\$a10806$b40$c20211130$lBLL01$h1348
=FMT  \\$a  SE
=LAS  \\$a10806$b40$c20211130$lBLL01$h1348

