=LDR  00815nas a22002658i 4500
=001  020406938
=003  Uk
=005  20211130140349.0
=006  m\\\\\\\\d\|\\\\\\
=007  cr||||||||||||
=008  211130c20229999enkqr\p\o\\\\\0\\\a0eng\\
=022  0\$a2754-5121$202
=040  \\$aUk$beng$cUk$erda
=222  \0$aHong Kong, China freight transport & shipping report
=245  00$aHong Kong, China freight transport & shipping report.
=263  \\$a202112
=264  \1$aLondon :$bFitch Solutions
=310  \\$aQuarterly
=336  \\$atext$2rdacontent
=337  \\$acomputer$2rdamedia
=338  \\$aonline resource$2rdacarrier
=985  \\$aC/T from ISSN 2397-3927, Hong Kong freight transport & shipping report.
=CAT  \\$a10806$b40$c20211130$lBLL01$h1403
=FMT  \\$a  SE
=LAS  \\$a10806$b40$c20211130$lBLL01$h1403

