=LDR  00787nas a22002658i 4500
=001  020406969
=003  Uk
=005  20211130143040.0
=006  m\\\\\\\\d\|\\\\\\
=007  cr||||||||||||
=008  211130c20229999enkqr\p\o\\\\\0\\\a0eng\\
=022  0\$a2754-5180$202
=040  \\$aUk$beng$cUk$erda
=222  \0$aTaiwan, China information technology report
=245  00$aTaiwan, China information technology report.
=263  \\$a202112
=264  \1$aLondon :$bFitch Solutons
=310  \\$aQuarterly
=336  \\$atext$2rdacontent
=337  \\$acomputer$2rdamedia
=338  \\$aonline resource$2rdacarrier
=985  \\$aC/T from ISSN 2515-6330, Taiwan information technology report.
=CAT  \\$a10806$b40$c20211130$lBLL01$h1430
=FMT  \\$a  SE
=LAS  \\$a10806$b40$c20211130$lBLL01$h1430

