=LDR  00864nas a22002658i 4500
=001  020410767
=003  Uk
=005  20211201115731.0
=006  m\\\\\\\\d\|\\\\\\
=007  cr||||||||||||
=008  211201c20229999enkqr\p\o\\\\\0\\\a0eng\\
=022  0\$a2753-247X$202
=040  \\$aUk$beng$cUk$erda
=222  \0$aTaiwan, China pharmaceuticals & healthcare report
=245  00$aTaiwan, China pharmaceuticals & healthcare report
=263  \\$a202112
=264  \1$aLondon :$bFitch Solutions
=310  \\$aQuarterly
=336  \\$atext$2rdacontent
=337  \\$acomputer$2rdamedia
=338  \\$aonline resource$2rdacarrier
=985  \\$aISSN UK Centre: change of title from 'Taiwan pharmaceuticals & healthcare report' ISSN 2058-3540. Please add 78x/LKR as required.
=CAT  \\$a7152$b40$c20211201$lBLL01$h1157
=FMT  \\$a  SE
=LAS  \\$a7152$b40$c20211201$lBLL01$h1157

