=LDR  00802nas a22002658i 4500
=001  020410808
=003  Uk
=005  20211201130738.0
=006  m\\\\\\\\d\|\\\\\\
=007  cr||||||||||||
=008  211201c20229999enkar\p\o\\\\\0\\\a0eng\\
=022  0\$a2753-2542$202
=040  \\$aUk$beng$cUk$erda
=222  \0$aHong Kong, China power report
=245  00$aHong Kong, China power report.
=263  \\$a202206
=264  \1$aLondon :$bFitch Solutions
=310  \\$aAnnual
=336  \\$atext$2rdacontent
=337  \\$acomputer$2rdamedia
=338  \\$aonline resource$2rdacarrier
=985  \\$aISSN UK Centre: change of title from 'Hong Kong power report' ISSN 2396-5010. Please add 78x/LKR as required.
=CAT  \\$a7152$b40$c20211201$lBLL01$h1307
=FMT  \\$a  SE
=LAS  \\$a7152$b40$c20211201$lBLL01$h1307

