=LDR  00820nas a22002658i 4500
=001  020410810
=003  Uk
=005  20211201130952.0
=006  m\\\\\\\\d\|\\\\\\
=007  cr||||||||||||
=008  211201c20229999enkar\p\o\\\\\0\\\a0eng\\
=022  0\$a2753-2550$202
=040  \\$aUk$beng$cUk$erda
=222  \0$aHong Kong, China real estate report
=245  00$aHong Kong, China real estate report.
=263  \\$a202112
=264  \1$aLondon :$bFitch Solutions
=310  \\$aAnnual
=336  \\$atext$2rdacontent
=337  \\$acomputer$2rdamedia
=338  \\$aonline resource$2rdacarrier
=985  \\$aISSN UK Centre: change of title from 'Hong Kong real estate report' ISSN 2396-555X. Please add 78x/LKR as required.
=CAT  \\$a7152$b40$c20211201$lBLL01$h1309
=FMT  \\$a  SE
=LAS  \\$a7152$b40$c20211201$lBLL01$h1309

