=LDR  00811nas a22002658i 4500
=001  020410813
=003  Uk
=005  20211201131524.0
=006  m\\\\\\\\d\|\\\\\\
=007  cr||||||||||||
=008  211201c20229999enkar\p\o\\\\\0\\\a0eng\\
=022  0\$a2753-2577$202
=040  \\$aUk$beng$cUk$erda
=222  \0$aTaiwan, China real estate report
=245  00$aTaiwan, China real estate report.
=263  \\$a202209
=264  \1$aLondon :$bFitch Solutions
=310  \\$aAnnual
=336  \\$atext$2rdacontent
=337  \\$acomputer$2rdamedia
=338  \\$aonline resource$2rdacarrier
=985  \\$aISSN UK Centre: change of title from 'Taiwan real estate report' ISSN 2396-5762. Please add 78x/LKR as required.
=CAT  \\$a7152$b40$c20211201$lBLL01$h1315
=FMT  \\$a  SE
=LAS  \\$a7152$b40$c20211201$lBLL01$h1315

