=LDR  00953nas a22002778i 4500
=001  020420729
=003  Uk
=005  20211208154353.0
=006  m\\\\\\\\d\|\\\\\\
=007  cr||||||||||||
=008  211208c20229999sz\\x\m\o\\\\\0\\\a0eng\\
=022  0\$a2662-4583$202
=040  \\$aUk$beng$cUk$erda
=222  \0$aPalgrave companions to important centres of economics$b(Online)
=245  00$aPalgrave companions to important centres of economics.
=263  \\$a202206
=264  \1$aCham :$bPalgrave Macmillan
=310  \\$aIrregular
=336  \\$atext$2rdacontent
=337  \\$acomputer$2rdamedia
=338  \\$aonline resource$2rdacarrier
=776  08$iAlso issued in print as:$tPalgrave companions to important centres of economics$x2662-4575
=985  \\$aISSN UK Centre: ISSN assigned by IC (Springer project) please notify Donna on completion.
=CAT  \\$a10973$b40$c20211208$lBLL01$h1543
=FMT  \\$a  SE
=LAS  \\$a10973$b40$c20211208$lBLL01$h1543

