=LDR  01076cas a22003138i 4500
=001  020448206
=003  Uk
=005  20230920161549.0
=006  m\\\\\\\\d\|\\\\\\
=007  cr||||||||||||
=008  220114c20229999enkqr\p\o\\\\\0\\\a0eng\\
=022  0\$a2755-1164$202
=040  \\$aUk$beng$cUk$erda
=222  \0$aDentineXpress$b(Online)
=245  00$aDentineXpress.
=246  3\$aDentine xpress
=263  \\$a202208
=264  \1$aCamberley :$bGraviton International
=310  \\$aQuarterly
=336  \\$atext$2rdacontent
=337  \\$acomputer$2rdamedia
=338  \\$aonline resource$2rdacarrier
=985  \\$aISSN UK Centre: see print format version, ISSN 2755-1156. Please add 776 to both records on completion. https://dentinexpress.com/ consulted 20/9/23 - no files uploaded for digital issues. Email sent to publisher. DLW.
=CAT  \\$a10973$b40$c20220114$lBLL01$h0940
=CAT  \\$a11130$b40$c20220609$lBLL01$h0949
=CAT  \\$a10973$b40$c20230920$lBLL01$h1615
=FMT  \\$a  SE
=LAS  \\$a10973$b40$c20230920$lBLL01$h1615
=LET  \0$aDentineXpress (Electronic)

