=LDR  01000nas a22002898i 4500
=001  020453081
=003  Uk
=005  20220119174309.0
=006  m\\\\\\\\d\|\\\\\\
=007  cr||||||||||||
=008  220119c20229999enkdr\p\o\\\\\0\\\a0eng\\
=022  0\$a2755-1261$202
=040  \\$aUk$beng$cUk$erda
=222  \0$aThe Westminster gazette$b(Qualify. Online)
=245  00$aThe Westminster gazette.
=263  \\$a202201
=264  \1$aLondon :$bThe Westminster Gazette Limited
=310  \\$aDaily
=336  \\$atext$2rdacontent
=337  \\$acomputer$2rdamedia
=338  \\$aonline resource$2rdacarrier
=787  0\$iAlso issued in print as:$tWestminster gazette$x2755-1253
=985  \\$aISSN UK Centre: information from publisher, print = weekly and online = daily (same material), used 787 in provisional records but please change if required.
=CAT  \\$a10973$b40$c20220119$lBLL01$h1743
=FMT  \\$a  SE
=LAS  \\$a10973$b40$c20220119$lBLL01$h1743
=LET  \4$aThe Westminster gazette (Electronic)

