=LDR  00493nas a22001698i 4500
=001  020465851
=003  Uk
=005  20220124165429.0
=007  ta
=008  220124c\\\\9999\\\|\|p\\\\\\\\\\\a0\\\\\
=245  \0$aSuppression text
=985  \\$aISSN Suppressed 24.01.2022. Copy not received.
=985  \\$aISSN record only. Please do not merge this record. Do not add items.
=CAT  \\$a10973$b40$c20220124$lBLL01$h1654
=FMT  \\$a  SE
=LAS  \\$a10973$b40$c20220124$lBLL01$h1654
=STA  \\$aSUPPRESSED$bISSN

