=LDR  02136cas a22005417i 4500
=001  020465938
=003  Uk
=005  20230807133034.0
=006  m\\\\\\\\d\|\\\\\\
=007  cr\|||||||||||
=008  191112c\\\\9999\\\\\\\\\\\\\\0\\\a0eng\\
=022  \\$a2773-1995
=040  \\$aUk$beng$cUk$erda
=082  04$a610$223
=245  00$aSantosh University Journal of Health Sciences
=264  \1$aMumbai$bWolters Kluwer India
=336  \\$atext$2rdacontent
=337  \\$acomputer$2rdamedia
=338  \\$aonline resource$2rdacarrier
=540  \\$aCurrent copyright fee: zero$c111\0$5Uk
=856  \\$31850-9999$uhttp://www.medknow.com/$xBLDSS
=945  \\$aSantosh University Journal of Health Sciences
=979  \\$aBritish Library$bDSC$j8075.371250N
=985  \\$aSee Richard (Leeds) with any questions about the ISSN (28/09/22). Latest - 2773-1995 being cancelled in favour of 2455-1732. Portal not yet updated (25/10/22). 'Correct' ISSN switched to 2773-1995 to aid purchased ingest (Richard, 06/02/23) - Portal still not updated (ISSN India & ISSN Netherlands involved)
=CAT  \\$a5552$b40$c20220125$lBLL01$h1200
=CAT  \\$aBLDSS-3PM$b00$c20220131$lBLL01$h1537
=CAT  \\$aBATCH-UPD$b00$c20220131$lBLL01$h1537
=CAT  \\$a5410$b40$c20220208$lBLL01$h1222
=CAT  \\$a5410$b40$c20220216$lBLL01$h0950
=CAT  \\$a5410$b40$c20220217$lBLL01$h1134
=CAT  \\$a5410$b40$c20220217$lBLL01$h1143
=CAT  \\$a5410$b40$c20220219$lBLL01$h1740
=CAT  \\$a5410$b40$c20220220$lBLL01$h1401
=CAT  \\$a5410$b40$c20220220$lBLL01$h1402
=CAT  \\$a10806$b40$c20220923$lBLL01$h1428
=CAT  \\$a10806$b40$c20220928$lBLL01$h1040
=CAT  \\$a10806$b40$c20220928$lBLL01$h1041
=CAT  \\$a10806$b40$c20221025$lBLL01$h0815
=CAT  \\$a10806$b40$c20230206$lBLL01$h1119
=CAT  \\$a10806$b40$c20230206$lBLL01$h1120
=CAT  \\$a10983$b40$c20230807$lBLL01$h1330
=CFI  0\$aCurrent copyright fee: zero$c111\0$e25-jan-2022$fGBP0.00$g0$hP$5Uk
=FFP  \\$aY$bBLDSS-3PM
=FMT  \\$a  SE
=LAS  \\$a10983$b40$c20230807$lBLL01$h1330
=MNI  \\$a2773-1987
=TOC  \\$aETOC
=UNO  \\$aY

