=LDR  00992cas a22002657a 4500
=001  020494403
=003  Uk
=005  20220226172701.0
=008  220222c20209999ne\\x\m\\\\\\\0\\\a0eng\\
=022  \\$a2590-2709
=040  \\$aUk$beng$cUk
=222  \4$aThe Language of classical literature
=245  04$aThe language of classical literature.
=264  \1$aLeiden, The Netherlands :$bKoninklijke Brill
=336  \\$atext$2rdacontent
=337  \\$aunmediated$2rdamedia
=338  \\$avolume$2rdacarrier
=588  \\$aDescription based on: volume 35 entitled: Penthesilea und ihre Schwestern : Amazonenepisoden als Bauform des Heldenepos / Susanne Borowski.
=780  00$tAmsterdam studies in classical philology$x1380-6068
=985  \\$aISSN RECORD ONLY. Do not merge. Do not add items. Monographic series title.
=CAT  \\$a11205$b40$c20220222$lBLL01$h1056
=CAT  \\$aBATCH-ROF$b00$c20220226$lBLL01$h1727
=FIN  \\$aY$d20220222
=FMT  \\$a  SE
=LAS  \\$aBATCH-ROF$b00$c20220226$lBLL01$h1727

