=LDR  00991nas a22002898i 4500
=001  020505451
=003  Uk
=005  20220302115056.0
=006  m\\\\\\\\d\|\\\\\\
=007  cr||||||||||||
=008  220302c20229999enkfr\p\o\\\\\0\\\a0eng\\
=022  0\$a2755-1709$202
=040  \\$aUk$beng$cUk$erda
=222  \0$aJournal of modern psychotherapy$b(Online)
=245  00$aJournal of modern psychotherapy.
=263  \\$a202209
=264  \1$aBicester :$bPhoenix Publishing House
=310  \\$aSemiannual
=336  \\$atext$2rdacontent
=337  \\$acomputer$2rdamedia
=338  \\$aonline resource$2rdacarrier
=776  08$iAlso issued in print as:$tJournal of modern psychotherapy$x2755-1695
=985  \\$aISSN UK Centre: change of title from 'Journal of psychological therapies' ISSN 2632-2064. Please add 78X/LKR as required.
=CAT  \\$a10973$b40$c20220302$lBLL01$h1150
=FMT  \\$a  SE
=LAS  \\$a10973$b40$c20220302$lBLL01$h1150
=LET  \0$aJournal of modern psychotherapy (Electronic)

