=LDR  00834nas a22002658i 4500
=001  020505456
=003  Uk
=005  20220302121832.0
=006  m\\\\\\\\d\|\\\\\\
=007  cr||||||||||||
=008  220302c20229999enkqr\p\o\\\\\0\\\a0eng\\
=022  0\$a2755-1725$202
=040  \\$aUk$beng$cUk$erda
=222  \0$aGeoenergy
=245  00$aGeoenergy.
=263  \\$a202209
=264  \1$aBath :$bThe Geological Society
=310  \\$aQuarterly
=336  \\$atext$2rdacontent
=337  \\$acomputer$2rdamedia
=338  \\$aonline resource$2rdacarrier
=985  \\$aISSN UK Centre: information from application, 'co-owned by the Geological Society and the European Association of Geoscientists and Engineers, and to be launched Q3 2022'.
=CAT  \\$a10973$b40$c20220302$lBLL01$h1218
=FMT  \\$a  SE
=LAS  \\$a10973$b40$c20220302$lBLL01$h1218

