=LDR  00776cas a22002778i 4500
=001  020524694
=003  Uk
=005  20220728102327.0
=007  ta
=008  220321c20239999enkmr\p\\\\\\\0\\\a0eng\\
=022  0\$a2754-625X$202
=040  \\$aUk$beng$cUk$erda
=222  \4$aThe point$b(Qualify Qualify)
=245  04$aThe point.
=263  \\$a202307
=264  \1$aLondon :$bColin Maximin
=310  \\$aMonthly
=336  \\$atext$2rdacontent
=337  \\$aunmediated$2rdamedia
=338  \\$avolume$2rdacarrier
=985  \\$a(Qualify Qualify) to differentiate from ISSN 1754-7148.
=CAT  \\$a10806$b40$c20220321$lBLL01$h1454
=CAT  \\$a10806$b40$c20220321$lBLL01$h1456
=CAT  \\$a11130$b40$c20220728$lBLL01$h1023
=FMT  \\$a  SE
=LAS  \\$a11130$b40$c20220728$lBLL01$h1023

