=LDR  00819nas a22002658i 4500
=001  020532324
=003  Uk
=005  20220329144256.0
=007  ta
=008  220329c20229999enkfr\p\\\\\\\0\\\a0eng\\
=022  0\$a2754-6284$202
=040  \\$aUk$beng$cUk$erda
=222  \0$aMy favorite things
=245  00$aMy favorite things.
=263  \\$a202205
=264  \1$aBattle, East Sussex :$bCollectible Media Limited
=310  \\$aSemiannual
=336  \\$atext$2rdacontent
=337  \\$aunmediated$2rdamedia
=338  \\$avolume$2rdacarrier
=985  \\$aRelated to Collectible DRY, ISSN 2397-1843 (Print) & ISSN 2756-1569 (Online). Link as necessary. See Richard for advice.
=CAT  \\$a10806$b40$c20220329$lBLL01$h1352
=CAT  \\$a10806$b40$c20220329$lBLL01$h1442
=FMT  \\$a  SE
=LAS  \\$a10806$b40$c20220329$lBLL01$h1442

