=LDR  00787nas a22002658i 4500
=001  020548430
=003  Uk
=005  20220407120548.0
=006  m\\\\\\\\d\|\\\\\\
=007  cr||||||||||||
=008  220407c20229999enkar\p\o\\\\\0\\\a0eng\\
=022  0\$a2754-6500$202
=040  \\$aUk$beng$cUk$erda
=222  \0$aCambodia healthcare report
=245  00$aCambodia healthcare report.
=263  \\$a202204
=264  \1$aLondon :$bFitch Solutions
=310  \\$aAnnual
=336  \\$atext$2rdacontent
=337  \\$acomputer$2rdamedia
=338  \\$aonline resource$2rdacarrier
=985  \\$aSplit from ISSN 2057-911X Cambodia pharmaceuticals & healthcare report. Please link on completion.
=CAT  \\$a10806$b40$c20220407$lBLL01$h1205
=FMT  \\$a  SE
=LAS  \\$a10806$b40$c20220407$lBLL01$h1205

