=LDR  00787nas a22002658i 4500
=001  020548458
=003  Uk
=005  20220407124351.0
=006  m\\\\\\\\d\|\\\\\\
=007  cr||||||||||||
=008  220407c20229999enkar\p\o\\\\\0\\\a0eng\\
=022  0\$a2754-6551$202
=040  \\$aUk$beng$cUk$erda
=222  \0$aColombia healthcare report
=245  00$aColombia healthcare report.
=263  \\$a202204
=264  \1$aLondon :$bFitch Solutions
=310  \\$aAnnual
=336  \\$atext$2rdacontent
=337  \\$acomputer$2rdamedia
=338  \\$aonline resource$2rdacarrier
=985  \\$aSplit from ISSN 2058-1637 Colombia pharmaceuticals & healthcare report. Please link on completion.
=CAT  \\$a10806$b40$c20220407$lBLL01$h1243
=FMT  \\$a  SE
=LAS  \\$a10806$b40$c20220407$lBLL01$h1243

