=LDR  00939cas a22003018i 4500
=001  020548518
=003  Uk
=005  20221010094829.0
=006  m\\\\\\\\d\|\\\\\\
=007  cr||||||||||||
=008  220407c20229999enkar\p\o\\\\\0\\\a0eng\\
=022  0\$a2754-9542$202
=040  \\$aUk$beng$cUk$erda
=222  \0$aSlovakia healthcare report
=245  00$aSlovakia healthcare report.
=263  \\$a202204
=264  \1$aLondon :$bFitch Solutions
=310  \\$aAnnual
=336  \\$atext$2rdacontent
=337  \\$acomputer$2rdamedia
=338  \\$aonline resource$2rdacarrier
=985  \\$aSplit from ISSN 2058-1904 Slovakia pharmaceuticals & healthcare report. Please link on completion.
=CAT  \\$a11313$b40$c20220407$lBLL01$h1325
=CAT  \\$a11313$b40$c20220407$lBLL01$h1330
=CAT  \\$a7152$b40$c20221010$lBLL01$h0948
=FMT  \\$a  SE
=LAS  \\$a7152$b40$c20221010$lBLL01$h0948
=LET  \0$aSlovakia healthcare report (Electronic)

