=LDR  00890cas a22002898i 4500
=001  020548525
=003  Uk
=005  20221010095327.0
=006  m\\\\\\\\d\|\\\\\\
=007  cr||||||||||||
=008  220407c20229999enkar\p\o\\\\\0\\\a0eng\\
=022  0\$a2754-9550$202
=040  \\$aUk$beng$cUk$erda
=222  \0$aSlovenia healthcare report
=245  00$aSlovenia healthcare report.
=263  \\$a202204
=264  \1$aLondon :$bFitch Solutions
=310  \\$aAnnual
=336  \\$atext$2rdacontent
=337  \\$acomputer$2rdamedia
=338  \\$aonline resource$2rdacarrier
=985  \\$aSplit from ISSN 2058-1912 Slovenia pharmaceuticals & healthcare report. Please link on completion.
=CAT  \\$a11313$b40$c20220407$lBLL01$h1347
=CAT  \\$a7152$b40$c20221010$lBLL01$h0953
=FMT  \\$a  SE
=LAS  \\$a7152$b40$c20221010$lBLL01$h0953
=LET  \0$aSlovenia healthcare report (Electronic)

