=LDR  00847nas a22002778i 4500
=001  020548562
=003  Uk
=005  20220407143900.0
=006  m\\\\\\\\d\|\\\\\\
=007  cr||||||||||||
=008  220407c20229999enkar\p\o\\\\\0\\\a0eng\\
=022  0\$a2754-9593$202
=040  \\$aUk$beng$cUk$erda
=222  \0$aSri Lanka healthcare report
=245  00$aSri Lanka healthcare report.
=263  \\$a202204
=264  \1$aLondon :$bFitch Solutions
=310  \\$aAnnual
=336  \\$atext$2rdacontent
=337  \\$acomputer$2rdamedia
=338  \\$aonline resource$2rdacarrier
=985  \\$aSplit from ISSN 2058-1955 Sri Lanka pharmaceuticals & healthcare report. Please link on completion.
=CAT  \\$a11313$b40$c20220407$lBLL01$h1439
=FMT  \\$a  SE
=LAS  \\$a11313$b40$c20220407$lBLL01$h1439
=LET  \0$aSri Lanka healthcare report (Electronic)

