=LDR  01048cas a22003018i 4500
=001  020548847
=003  Uk
=005  20221010110957.0
=006  m\\\\\\\\d\|\\\\\\
=007  cr||||||||||||
=008  220408c20229999enkar\p\o\\\\\0\\\a0eng\\
=022  0\$a2754-9631$202
=040  \\$aUk$beng$cUk$erda
=222  \0$aTaiwan, China healthcare report
=245  00$aTaiwan, China healthcare report.
=263  \\$a202204
=264  \1$aLondon :$bFitch Solutions
=310  \\$aAnnual
=336  \\$atext$2rdacontent
=337  \\$acomputer$2rdamedia
=338  \\$aonline resource$2rdacarrier
=985  \\$aSplit from ISSN 2753-247X Taiwan pharmaceuticals & healthcare report. Please link on completion. Earlier title provisional status at time of assignment, but Fitch Store website shows it as published.
=CAT  \\$a11313$b40$c20220408$lBLL01$h0812
=CAT  \\$a10806$b40$c20220422$lBLL01$h0949
=CAT  \\$a7152$b40$c20221010$lBLL01$h1109
=FMT  \\$a  SE
=LAS  \\$a7152$b40$c20221010$lBLL01$h1109
=LET  \0$aTaiwan healthcare report (Electronic)

