=LDR  00835nas a22002778i 4500
=001  020548890
=003  Uk
=005  20220408110144.0
=006  m\\\\\\\\d\|\\\\\\
=007  cr||||||||||||
=008  220408c20229999enkar\p\o\\\\\0\\\a0eng\\
=022  0\$a2754-9763$202
=040  \\$aUk$beng$cUk$erda
=222  \0$aZambia healthcare report
=245  00$aZambia healthcare report.
=263  \\$a202204
=264  \1$aLondon :$bFitch Solutions
=310  \\$aAnnual
=336  \\$atext$2rdacontent
=337  \\$acomputer$2rdamedia
=338  \\$aonline resource$2rdacarrier
=985  \\$aSplit from ISSN 2057-7796 Zambia pharmaceuticals & healthcare report. Please link on completion.
=CAT  \\$a11313$b40$c20220408$lBLL01$h1101
=FMT  \\$a  SE
=LAS  \\$a11313$b40$c20220408$lBLL01$h1101
=LET  \0$aZambia healthcare report (Electronic)

