=LDR  01066cas a22003018i 4500
=001  020553710
=003  Uk
=005  20220425144111.0
=006  m\\\\\\\\d\|\\\\\\
=007  cr||||||||||||
=008  220407c20229999enkar\p\o\\\\\0\\\a0eng\\
=022  0\$a2753-8303$202
=040  \\$aUk$beng$cUk$erda
=222  \0$aHong Kong, China healthcare report
=245  00$aHong Kong, China healthcare report.
=263  \\$a202204
=264  \1$aLondon :$bFitch Solutions
=310  \\$aAnnual
=336  \\$atext$2rdacontent
=337  \\$acomputer$2rdamedia
=338  \\$aonline resource$2rdacarrier
=985  \\$aSplit from ISSN 2755-0478, Hong Kong, China pharmaceuticals & healthcare report. Please link on completion (earlier title still provisional at time of assignment, Fitch online store shows title has been published).
=CAT  \\$a10973$b40$c20220413$lBLL01$h0819
=CAT  \\$a10973$b40$c20220413$lBLL01$h0820
=CAT  \\$a10806$b40$c20220422$lBLL01$h0948
=CAT  \\$a10973$b40$c20220425$lBLL01$h1441
=FMT  \\$a  SE
=LAS  \\$a10973$b40$c20220425$lBLL01$h1441

