=LDR  00791nas a22002658i 4500
=001  020553714
=003  Uk
=005  20220413082436.0
=006  m\\\\\\\\d\|\\\\\\
=007  cr||||||||||||
=008  220407c20229999enkar\p\o\\\\\0\\\a0eng\\
=022  0\$a2753-8338$202
=040  \\$aUk$beng$cUk$erda
=222  \0$aIndonesia healthcare report
=245  00$aIndonesia healthcare report.
=263  \\$a202204
=264  \1$aLondon :$bFitch Solutions
=310  \\$aAnnual
=336  \\$atext$2rdacontent
=337  \\$acomputer$2rdamedia
=338  \\$aonline resource$2rdacarrier
=985  \\$aSplit from ISSN 2058-2420, Indonesia pharmaceuticals & healthcare report. Please link on completion.
=CAT  \\$a10973$b40$c20220413$lBLL01$h0824
=FMT  \\$a  SE
=LAS  \\$a10973$b40$c20220413$lBLL01$h0824

