=LDR  00782nas a22002658i 4500
=001  020553719
=003  Uk
=005  20220413083128.0
=006  m\\\\\\\\d\|\\\\\\
=007  cr||||||||||||
=008  220407c20229999enkar\p\o\\\\\0\\\a0eng\\
=022  0\$a2753-8370$202
=040  \\$aUk$beng$cUk$erda
=222  \0$aIsrael healthcare report
=245  00$aIsrael healthcare report.
=263  \\$a202204
=264  \1$aLondon :$bFitch Solutions
=310  \\$aAnnual
=336  \\$atext$2rdacontent
=337  \\$acomputer$2rdamedia
=338  \\$aonline resource$2rdacarrier
=985  \\$aSplit from ISSN 2058-2455, Israel pharmaceuticals & healthcare report. Please link on completion.
=CAT  \\$a10973$b40$c20220413$lBLL01$h0831
=FMT  \\$a  SE
=LAS  \\$a10973$b40$c20220413$lBLL01$h0831

