=LDR  00959nas a22002898i 4500
=001  020554153
=003  Uk
=005  20220414133459.0
=006  m\\\\\\\\d\|\\\\\\
=007  cr||||||||||||
=008  220414c20229999enkfr\p\o\\\\\0\\\a0eng\\
=022  0\$a2754-9852$202
=040  \\$aUk$beng$cUk$erda
=222  \0$aMENA rail projects report
=245  00$aMENA rail projects report.
=246  3\$aMiddle East and North Africa rail projects report
=263  \\$a202204
=264  \1$aLondon :$bFitch Solutions
=310  \\$aSemiannual
=336  \\$atext$2rdacontent
=337  \\$acomputer$2rdamedia
=338  \\$aonline resource$2rdacarrier
=985  \\$aISSN UK Centre note: C/T from MENA rail & road projects report ISSN 2752-5007 - please add 78X and LKR fields when completing. ISSN UK, 14.04.2022.
=CAT  \\$a11313$b40$c20220414$lBLL01$h1334
=FMT  \\$a  SE
=LAS  \\$a11313$b40$c20220414$lBLL01$h1334
=LET  \0$aMENA rail projects report (Electronic)

