=LDR  00780nas a22002658i 4500
=001  020556620
=003  Uk
=005  20220419150433.0
=006  m\\\\\\\\d\|\\\\\\
=007  cr||||||||||||
=008  220419c20229999enkar\p\o\\\\\0\\\a0eng\\
=022  0\$a2753-2828$202
=040  \\$aUk$beng$cUk$erda
=222  \0$aLatvia healthcare report
=245  00$aLatvia healthcare report.
=263  \\$a202204
=264  \1$aLondon :$bFitch Solutions
=310  \\$aAnnual
=336  \\$atext$2rdacontent
=337  \\$acomputer$2rdamedia
=338  \\$aonline resource$2rdacarrier
=985  \\$aSplit from ISSN 2058-3923, Latvia pharmaceuticals & healthcare report. Please link on completion.
=CAT  \\$a7152$b40$c20220419$lBLL01$h1504
=FMT  \\$a  SE
=LAS  \\$a7152$b40$c20220419$lBLL01$h1504

