=LDR  00841cas a22002778i 4500
=001  020556639
=003  Uk
=005  20221011092616.0
=006  m\\\\\\\\d\|\\\\\\
=007  cr||||||||||||
=008  220419c20229999enkar\p\o\\\\\0\\\a0eng\\
=022  0\$a2753-2860$202
=040  \\$aUk$beng$cUk$erda
=222  \0$aMauritius healthcare report
=245  00$aMauritius healthcare report.
=263  \\$a202204
=264  \1$aLondon :$bFitch Solutions
=310  \\$aAnnual
=336  \\$atext$2rdacontent
=337  \\$acomputer$2rdamedia
=338  \\$aonline resource$2rdacarrier
=985  \\$aSplit from ISSN 2753-5673, Mauritius pharmaceuticals and healthcare report. Please link on completion.
=CAT  \\$a7152$b40$c20220419$lBLL01$h1541
=CAT  \\$a10806$b40$c20221011$lBLL01$h0926
=FMT  \\$a  SE
=LAS  \\$a10806$b40$c20221011$lBLL01$h0926

