=LDR  00783nas a22002658i 4500
=001  020557326
=003  Uk
=005  20220420105319.0
=006  m\\\\\\\\d\|\\\\\\
=007  cr||||||||||||
=008  220420c20229999enkar\p\o\\\\\0\\\a0eng\\
=022  0\$a2753-2917$202
=040  \\$aUk$beng$cUk$erda
=222  \0$aMyanmar healthcare report
=245  00$aMyanmar healthcare report.
=263  \\$a202204
=264  \1$aLondon :$bFitch Solutions
=310  \\$aAnnual
=336  \\$atext$2rdacontent
=337  \\$acomputer$2rdamedia
=338  \\$aonline resource$2rdacarrier
=985  \\$aSplit from ISSN 2053-3071, Myanmar pharmaceuticals & healthcare report. Please link on completion.
=CAT  \\$a7152$b40$c20220420$lBLL01$h1053
=FMT  \\$a  SE
=LAS  \\$a7152$b40$c20220420$lBLL01$h1053

