=LDR  00837nas a22002778i 4500
=001  020557351
=003  Uk
=005  20220420111757.0
=006  m\\\\\\\\d\|\\\\\\
=007  cr||||||||||||
=008  220420c20229999enkar\p\o\\\\\0\\\a0eng\\
=022  0\$a2753-295X$202
=040  \\$aUk$beng$cUk$erda
=222  \0$aNicaragua healthcare report
=245  00$aNicaragua healthcare report.
=263  \\$a202204
=264  \1$aLondon :$bFitch Solutions
=310  \\$aAnnual
=336  \\$atext$2rdacontent
=337  \\$acomputer$2rdamedia
=338  \\$aonline resource$2rdacarrier
=985  \\$aSplit from ISSN 2397-4745, Nicaragua pharmaceuticals & healthcare report. Please link on completion.
=CAT  \\$a7152$b40$c20220420$lBLL01$h1117
=CAT  \\$a7152$b40$c20220420$lBLL01$h1117
=FMT  \\$a  SE
=LAS  \\$a7152$b40$c20220420$lBLL01$h1117

