=LDR  00737nas a22002418i 4500
=001  020557477
=003  Uk
=005  20220420134827.0
=006  m\\\\\\\\d\|\\\\\\
=007  cr||||||||||||
=008  220420c20229999enkar\p\o\\\\\0\\\a0eng\\
=022  0\$a2753-3077$202
=040  \\$aUk$beng$cUk$erda
=222  \0$aRomania healthcare report
=245  00$aRomania healthcare report.
=264  \1$aLondon :$bFitch Solutions
=336  \\$atext$2rdacontent
=337  \\$acomputer$2rdamedia
=338  \\$aonline resource$2rdacarrier
=985  \\$aSplit from ISSN 2058-4121, Romania pharmaceuticals & healthcare report. Please link on completion.
=CAT  \\$a7152$b40$c20220420$lBLL01$h1348
=FMT  \\$a  SE
=LAS  \\$a7152$b40$c20220420$lBLL01$h1348

