=LDR  01056nas a22003018i 4500
=001  020561646
=003  Uk
=005  20220425122919.0
=006  m\\\\\\\\d\|\\\\\\
=007  cr||||||||||||
=008  220425c20229999enkar\p\o\\\\\0\\\a0eng\\
=022  0\$a2753-8559$202
=040  \\$aUk$beng$cUk$erda
=222  \0$aRailway & bus interiors international$b(Online)
=245  00$aRailway & bus interiors international.
=246  3\$aRailway and bus interiors international
=263  \\$a202209
=264  \1$aDartford :$bMA Business Ltd
=310  \\$aAnnual
=336  \\$atext$2rdacontent
=337  \\$acomputer$2rdamedia
=338  \\$aonline resource$2rdacarrier
=776  08$iAlso issued in print as:$tRailway & bus interiors international$x2753-8540
=985  \\$aISSN UK Centre: change of title from 'Railway Interiors International', ISSN 2398-0451. Please add 78X/LKR as required.
=CAT  \\$a10973$b40$c20220425$lBLL01$h1229
=FMT  \\$a  SE
=LAS  \\$a10973$b40$c20220425$lBLL01$h1229
=LET  \0$aRailway & bus interiors international (Electronic)

