=LDR  00891cas a22002898i 4500
=001  020567508
=003  Uk
=005  20230126084324.0
=006  m\\\\\\\\d\|\\\\\\
=007  cr||||||||||||
=008  220428c20229999enk\x\m\o\\\\\0\\\a0eng\\
=022  0\$a2754-6829$202
=040  \\$aUk$beng$cUk$erda
=222  \0$aGeoscience in practice$b(Online)
=245  00$aGeoscience in practice.
=263  \\$a202212
=264  \1$aBath :$bGeological Society
=310  \\$aIrregular
=336  \\$atext$2rdacontent
=337  \\$acomputer$2rdamedia
=338  \\$aonline resource$2rdacarrier
=985  \\$aPlease link to ISSN 2754-6810 (Print) on completion. No online version found 26/01/23 (Richard)
=CAT  \\$a10806$b40$c20220428$lBLL01$h0849
=CAT  \\$a10806$b40$c20230126$lBLL01$h0843
=FMT  \\$a  SE
=LAS  \\$a10806$b40$c20230126$lBLL01$h0843
=LET  \0$aGeoscience in practice (Electronic)

