=LDR  01205cas a22003258i 4500
=001  020567546
=003  Uk
=005  20230420094220.0
=006  m\\\\\\\\d\|\\\\\\
=007  cr||||||||||||
=008  220428c20239999enkqr\p\o\\\\\0\\\a0eng\\
=022  0\$a2754-6845$202
=040  \\$aUk$beng$cUk$erda
=222  \0$aInternational journal for the philosophy of ageing$b(Online)
=245  00$aInternational journal for the philosophy of ageing.
=263  \\$a202305
=264  \1$aLancaster :$bGreaves Press
=310  \\$aQuarterly
=336  \\$atext$2rdacontent
=337  \\$acomputer$2rdamedia
=338  \\$aonline resource$2rdacarrier
=776  08$iAlso issued in print as:$tInternational journal for the philosophy of ageing$x2754-6837
=985  \\$aISSN UK Centre: publisher name in provisional record updated from Canal Ltd to Greaves Press (info from publisher 13/4/23).
=CAT  \\$a10806$b40$c20220428$lBLL01$h0957
=CAT  \\$a10973$b40$c20230419$lBLL01$h0948
=CAT  \\$a10973$b40$c20230419$lBLL01$h1001
=CAT  \\$a10973$b40$c20230420$lBLL01$h0942
=FMT  \\$a  SE
=LAS  \\$a10973$b40$c20230420$lBLL01$h0942
=LET  \0$aInternational journal for the philosophy of ageing (Electronic)

