=LDR  01020nas a22002898i 4500
=001  020634599
=003  Uk
=005  20220607115338.0
=006  m\\\\\\\\d\|\\\\\\
=007  cr||||||||||||
=008  220607c20239999enk\x\p\o\\\\\0\\\a0eng\\
=022  0\$a2755-2667$202
=040  \\$aUk$beng$cUk$erda
=222  \0$aHealth and care technology$b(Online)
=245  00$aHealth and care technology.
=263  \\$a202301
=264  \1$aSouthampton :$bNational Institute for Health and Care Research
=310  \\$aIrregular
=336  \\$atext$2rdacontent
=337  \\$acomputer$2rdamedia
=338  \\$aonline resource$2rdacarrier
=776  08$iAlso issued in print as:$tHealth and care technology$x2755-2659
=985  \\$aISSN UK Centre note: C/T from 'Health technology assessment' ISSN 2046-4924 - please add 7XX and LKR fields when completing. ISSN UK, 07.06.2022.
=CAT  \\$a11313$b40$c20220607$lBLL01$h1153
=FMT  \\$a  SE
=LAS  \\$a11313$b40$c20220607$lBLL01$h1153
=LET  \0$aHealth and care technology (Electronic)

