=LDR  00830cas a22002778i 4500
=001  020640161
=003  Uk
=005  20220613113723.0
=006  m\\\\\\\\d\|\\\\\\
=007  cr||||||||||||
=008  220613c20229999enkqr\p\o\\\\\0\\\a0eng\\
=022  0\$a2755-2691$202
=040  \\$aUk$beng$cUk$erda
=222  \0$aCulturala$b(Online)
=245  00$aCulturala.
=263  \\$a202209
=264  \1$aLondon :$bM. Kruglyak and L.M. Wells
=310  \\$aQuarterly
=336  \\$atext$2rdacontent
=337  \\$acomputer$2rdamedia
=338  \\$aonline resource$2rdacarrier
=985  \\$aISSN UK Centre note: See also print ISSN 2755-2683 - please add 776 fields when completing. ISSN UK, 13.06.2022.
=CAT  \\$a11313$b40$c20220613$lBLL01$h1137
=FMT  \\$a  SE
=LAS  \\$a11313$b40$c20220613$lBLL01$h1137
=LET  \0$aCulturala (Electronic)

