=LDR  01256nas a22003018i 4500
=001  020643217
=003  Uk
=005  20220615134809.0
=006  m\\\\\\\\d\|\\\\\\
=007  cr||||||||||||
=008  220615c20229999enktr\p\o\\\\\0\\\a0eng\\
=022  0\$a2753-3239$202
=040  \\$aUk$beng$cUk$erda
=222  \0$aCivil-comp conferences
=245  00$aCivil-comp conferences.
=263  \\$a202207
=264  \1$aPoole :$bCivil-Comp Press
=310  \\$aThree issues yearly
=336  \\$atext$2rdacontent
=337  \\$acomputer$2rdamedia
=338  \\$aonline resource$2rdacarrier
=985  \\$aCorrespondence with publisher, this is not a c/t or same as existing Civil-Comp Press title 'Civil-comp proceedings' ISSN 1759-3433.
=985  \\$aCheck publisher statement when completing. Publisher states the conferences are organised by Elseveier but will be published by Civil-Comp Press. Also check place of publication, application form gives Poole, England, but other Civil-Comp Press titles on Aleph are published in Kippen, Scotland. ISSN UK Centre, SB.
=CAT  \\$a7152$b40$c20220615$lBLL01$h1056
=CAT  \\$a7152$b40$c20220615$lBLL01$h1348
=FMT  \\$a  SE
=LAS  \\$a7152$b40$c20220615$lBLL01$h1348
=LET  \0$aCivil-comp conferences (Electronic)

