=LDR  00912nas a22002778i 4500
=001  020655691
=003  Uk
=005  20220622150341.0
=006  m\\\\\\\\d\|\\\\\\
=007  cr||||||||||||
=008  220622c20099999stkfr\p\o\\\\\0\\\a0eng\\
=022  0\$a2753-3301$202
=040  \\$aUk$beng$cUk$erda
=222  \0$aCauseway/Cabhsair$b(Online)
=245  00$aCauseway/Cabhsair.
=263  \\$a2022/10
=264  \1$aAberdeen :$bAberdeen University press
=310  \\$aSemiannual
=336  \\$atext$2rdacontent
=337  \\$acomputer$2rdamedia
=338  \\$aonline resource$2rdacarrier
=985  \\$aEmail correspondence with publisher 20/6/22 re all back issues being put online. Please make 7xx links to print format ISSN 2044-2688 when completing. ISSN UK Centre SB.
=CAT  \\$a7152$b40$c20220622$lBLL01$h1503
=FMT  \\$a  SE
=LAS  \\$a7152$b40$c20220622$lBLL01$h1503
=LET  \0$aCauseway/Cabhsair (Electronic)

