=LDR  00936cas a22003018i 4500
=001  020656056
=003  Uk
=005  20221125110512.0
=006  m\\\\\\\\d\|\\\\\\
=007  cr||||||||||||
=008  220623c20229999enkfr\p\o\\\\\0\\\a0eng\\
=022  0\$a2753-3328$202
=040  \\$aUk$beng$cUk$erda
=222  \4$aThe Bittersweet review$b(Online)
=245  04$aThe Bittersweet review.
=246  30$aBitter sweet review
=263  \\$a202209
=264  \1$aLondon :$bBenoit Paul Loiseau
=310  \\$aSemiannual
=336  \\$atext$2rdacontent
=337  \\$acomputer$2rdamedia
=338  \\$aonline resource$2rdacarrier
=985  \\$aISSN UK Centre: see also print version, ISSN 2753-331X. Please add 776 to both records on completion.
=CAT  \\$a7152$b40$c20220623$lBLL01$h0850
=CAT  \\$a10973$b40$c20221125$lBLL01$h1105
=FMT  \\$a  SE
=LAS  \\$a10973$b40$c20221125$lBLL01$h1105
=LET  \4$aThe Bittersweet review (Electronic)

