=LDR  00900cas a22002778i 4500
=001  020656713
=003  Uk
=005  20220630110156.0
=006  m\\\\\\\\d\|\\\\\\
=007  cr||||||||||||
=008  220624c20229999enkfr\p\o\\\\\0\\\a0eng\\
=022  0\$a2753-7587$202
=040  \\$aUk$beng$cUk$erda
=222  \0$aJournal of media and communication research
=245  00$aJournal of media and communication research.
=263  \\$a202206
=264  \1$aNorthampton :$bArab Media & Communication Network
=310  \\$aSemiannual
=336  \\$atext$2rdacontent
=337  \\$acomputer$2rdamedia
=338  \\$aonline resource$2rdacarrier
=985  \\$aPrint ISSN may be required later in 2022. Publisher to contact later in the year (Richard, 30/06/22)
=CAT  \\$a10806$b40$c20220624$lBLL01$h1301
=CAT  \\$a10806$b40$c20220630$lBLL01$h1101
=FMT  \\$a  SE
=LAS  \\$a10806$b40$c20220630$lBLL01$h1101

