=LDR  01156nas a22003018i 4500
=001  020688311
=003  Uk
=005  20220726084921.0
=006  m\\\\\\\\d\|\\\\\\
=007  cr||||||||||||
=008  220726c20229999cj\fr\p\o\\\\\0\\\a0eng\\
=022  0\$a2753-667X$202
=040  \\$aUk$beng$cUk$erda
=222  \0$aDestination performance bi-annual report$b(Online)
=245  00$aDestination performance bi-annual report.
=246  3\$aCayman Islands destination performance bi-annual report
=263  \\$a202208
=264  \1$aGeorge Town, Grand Cayman :$bR. Smith
=310  \\$aSemiannual
=336  \\$atext$2rdacontent
=337  \\$acomputer$2rdamedia
=338  \\$aonline resource$2rdacarrier
=776  08$iAlso issued in print as:$tDestination performance bi-annual report$x2753-6661
=985  \\$aISSN UK Centre: queried relationship with existing title 'The Cayman Islands destination performance report' published annually - publisher states this is not the same resource.
=CAT  \\$a10973$b40$c20220726$lBLL01$h0849
=FMT  \\$a  SE
=LAS  \\$a10973$b40$c20220726$lBLL01$h0849
=LET  \0$aDestination performance bi-annual report (Electronic)

