=LDR  01095cas a22003018i 4500
=001  020731666
=003  Uk
=005  20230605121425.0
=006  m\\\\\\\\d\|\\\\\\
=007  cr||||||||||||
=008  220831c20229999enkqr\p\o\\\\\0\\\a0eng\\
=022  0\$a2753-345X$202
=040  \\$aUk$beng$cUk$erda
=222  \0$aCountry report. Sudan, South Sudan$b(Online. 2022)
=245  00$aCountry report. Sudan, South Sudan.
=263  \\$a202209
=264  \1$aLondon :$bEconomist Intelligence Unit
=310  \\$aQuarterly
=336  \\$atext$2rdacontent
=337  \\$acomputer$2rdamedia
=338  \\$aonline resource$2rdacarrier
=985  \\$aC/T from 2753-7838, only published for 3 issues with that title. Please make relevant 7xx links when completing. ISSN UK Centre.
=985  \\$aISSN UK Centre: see also print version, ISSN 2753-3441 ; please add 776 to both records on completion.
=CAT  \\$a7152$b40$c20220831$lBLL01$h1045
=CAT  \\$a10973$b40$c20230605$lBLL01$h1214
=FMT  \\$a  SE
=LAS  \\$a10973$b40$c20230605$lBLL01$h1214
=LET  \0$aCountry report. Sudan, South Sudan (Electronic)

