=LDR  01022nas a22002778i 4500
=001  020735914
=003  Uk
=005  20220905142059.0
=006  m\\\\\\\\d\|\\\\\\
=007  cr||||||||||||
=008  220905c20229999sz\\x\m\o\\\\\0\\\a0eng\\
=022  0\$a2730-9959$202
=040  \\$aUk$beng$cUk$erda
=222  \0$aReimagining comparative feminist studies$b(Online)
=245  00$aReimagining comparative feminist studies.
=263  \\$a202212
=264  \1$aCham :$bPalgrave Macmillan
=310  \\$aIrregular
=336  \\$atext$2rdacontent
=337  \\$acomputer$2rdamedia
=338  \\$aonline resource$2rdacarrier
=776  08$iAlso issued in print as:$tReimagining comparative feminist studies$x2730-9940
=985  \\$aISSN UK Centre: ISSN assigned by IC (Springer project). Not published as of 5/9/22 (https://link.springer.com/series/16722), please notify Donna on completion (Palgrave from ISSN Switzerland list).
=CAT  \\$a10973$b40$c20220905$lBLL01$h1420
=FMT  \\$a  SE
=LAS  \\$a10973$b40$c20220905$lBLL01$h1420

