=LDR  00975nas a22002778i 4500
=001  020743158
=003  Uk
=005  20220912094112.0
=006  m\\\\\\\\d\|\\\\\\
=007  cr||||||||||||
=008  220912c20229999enkfr\j\o\\\\\0\\\a0eng\\
=022  0\$a2753-5460$202
=040  \\$aUk$beng$cUk$erda
=222  \0$aInternational journal of mechanical and industrial sciences
=245  00$aInternational journal of mechanical and industrial sciences.
=263  \\$a202212
=264  \1$aNewcastle upon Tyne :$bPMD Publishing Group
=310  \\$aSemiannual
=336  \\$atext$2rdacontent
=337  \\$acomputer$2rdamedia
=338  \\$aonline resource$2rdacarrier
=985  \\$aC/T from 'Mapta journal of mechanical and industrial engineering', ISSN 2517-4258. Please link on completion.
=CAT  \\$a10806$b40$c20220912$lBLL01$h0941
=FMT  \\$a  SE
=LAS  \\$a10806$b40$c20220912$lBLL01$h0941
=LET  \0$aInternational journal of mechanical and industrial sciences (Electronic)

