=LDR  00838cas a22003018i 4500
=001  020743547
=003  Uk
=005  20220921133714.0
=006  m\\\\\\\\d\|\\\\\\
=007  cr||||||||||||
=008  220913c20229999enkar\g\o\\\\\0\\\a0eng\\
=022  0\$a2753-5487$202
=040  \\$aUk$beng$cUk$erda
=222  \0$aDisruptors$b(Online)
=245  00$aDisruptors.
=246  3\$aDisruptors series
=263  \\$a202210
=264  \1$aLondon :$bViolet Simon
=310  \\$aAnnual
=336  \\$atext$2rdacontent
=337  \\$acomputer$2rdamedia
=338  \\$aonline resource$2rdacarrier
=985  \\$aPlease link to ISSN 2753-5479 (Print) on completion
=CAT  \\$a10806$b40$c20220913$lBLL01$h0803
=CAT  \\$a10806$b40$c20220921$lBLL01$h1337
=FMT  \\$a  SE
=LAS  \\$a10806$b40$c20220921$lBLL01$h1337
=LET  \0$aDisruptors (Electronic)

