=LDR  00895nas a22002898i 4500
=001  020768702
=003  Uk
=005  20221007095908.0
=006  m\\\\\\\\d\|\\\\\\
=007  cr||||||||||||
=008  221007c20229999enkqr\p\o\\\\\0\\\a0eng\\
=022  0\$a2976-4106$202
=040  \\$aUk$beng$cUk$erda
=222  \0$aAlgeria pharmaceuticals report
=245  00$aAlgeria pharmaceuticals report.
=263  \\$a202210
=264  \1$aLondon :$bFitch Solutions
=310  \\$aQuarterly
=336  \\$atext$2rdacontent
=337  \\$acomputer$2rdamedia
=338  \\$aonline resource$2rdacarrier
=985  \\$aSplit from ISSN 2057-6617 Algeria pharmaceuticals & healthcare report. Please link on completion.
=CAT  \\$a10806$b40$c20221007$lBLL01$h0850
=CAT  \\$a10806$b40$c20221007$lBLL01$h0851
=CAT  \\$a10806$b40$c20221007$lBLL01$h0959
=FMT  \\$a  SE
=LAS  \\$a10806$b40$c20221007$lBLL01$h0959

