=LDR  00818nas a22002658i 4500
=001  020768808
=003  Uk
=005  20221007115423.0
=006  m\\\\\\\\d\|\\\\\\
=007  cr||||||||||||
=008  221007c20229999enkqr\p\o\\\\\0\\\a0eng\\
=022  0\$a2976-4521$202
=040  \\$aUk$beng$cUk$erda
=222  \0$aHonduras pharmaceuticals report
=245  00$aHonduras pharmaceuticals report.
=263  \\$a202210
=264  \1$aLondon :$bFitch Solutions
=310  \\$aQuarterly
=336  \\$atext$2rdacontent
=337  \\$acomputer$2rdamedia
=338  \\$aonline resource$2rdacarrier
=985  \\$aISSN UK Centre: split from 'Honduras pharmaceuticals & healthcare report ' ISSN 2397-3064 please link on completion.
=CAT  \\$a10973$b40$c20221007$lBLL01$h1154
=FMT  \\$a  SE
=LAS  \\$a10973$b40$c20221007$lBLL01$h1154

