=LDR  00984nas a22002778i 4500
=001  020768829
=003  Uk
=005  20221007124000.0
=006  m\\\\\\\\d\|\\\\\\
=007  cr||||||||||||
=008  221007c20229999enkqr\p\o\\\\\0\\\a0eng\\
=022  0\$a2976-467X$202
=040  \\$aUk$beng$cUk$erda
=222  \0$aKyrgyzstan pharmaceuticals report
=245  00$aKyrgyzstan pharmaceuticals report.
=263  \\$a202210
=264  \1$aLondon :$bFitch Solutions
=310  \\$aQuarterly
=336  \\$atext$2rdacontent
=337  \\$acomputer$2rdamedia
=338  \\$aonline resource$2rdacarrier
=985  \\$aISSN UK Centre: split from 'Kyrgyzstan pharmaceuticals & healthcare report ' ISSN 2515-6705 please link on completion. Earlier title still provisional status at time of assignment but Fitch store shows issues have been published.
=CAT  \\$a10973$b40$c20221007$lBLL01$h1231
=CAT  \\$a10973$b40$c20221007$lBLL01$h1240
=FMT  \\$a  SE
=LAS  \\$a10973$b40$c20221007$lBLL01$h1240

