=LDR  00861nas a22002778i 4500
=001  020768863
=003  Uk
=005  20221007150540.0
=006  m\\\\\\\\d\|\\\\\\
=007  cr||||||||||||
=008  221007c20229999enkqr\p\o\\\\\0\\\a0eng\\
=022  0\$a2976-4734$202
=040  \\$aUk$beng$cUk$erda
=222  \0$aMalaysia pharmaceuticals report
=245  00$aMalaysia pharmaceuticals report.
=263  \\$a202210
=264  \1$aLondon :$bFitch Solutions
=310  \\$aQuarterly
=336  \\$atext$2rdacontent
=337  \\$acomputer$2rdamedia
=338  \\$aonline resource$2rdacarrier
=985  \\$aSplit from ISSN 2058-3958 Malaysia pharmaceuticals & healthcare report. Please link on completion.
=CAT  \\$a11313$b40$c20221007$lBLL01$h1505
=FMT  \\$a  SE
=LAS  \\$a11313$b40$c20221007$lBLL01$h1505
=LET  \0$aMalaysia pharmaceuticals report (Electronic)

