=LDR  00865nas a22002778i 4500
=001  020770518
=003  Uk
=005  20221010082003.0
=006  m\\\\\\\\d\|\\\\\\
=007  cr||||||||||||
=008  221010c20229999enkqr\p\o\\\\\0\\\a0eng\\
=022  0\$a2976-484X$202
=040  \\$aUk$beng$cUk$erda
=222  \0$aNicaragua pharmaceuticals report
=245  00$aNicaragua pharmaceuticals report.
=263  \\$a202210
=264  \1$aLondon :$bFitch Solutions
=310  \\$aQuarterly
=336  \\$atext$2rdacontent
=337  \\$acomputer$2rdamedia
=338  \\$aonline resource$2rdacarrier
=985  \\$aSplit from ISSN 2397-4745 Nicaragua pharmaceuticals & healthcare report. Please link on completion.
=CAT  \\$a11313$b40$c20221010$lBLL01$h0820
=FMT  \\$a  SE
=LAS  \\$a11313$b40$c20221010$lBLL01$h0820
=LET  \0$aNicaragua pharmaceuticals report (Electronic)

