=LDR  00810nas a22002658i 4500
=001  020770548
=003  Uk
=005  20221010102243.0
=006  m\\\\\\\\d\|\\\\\\
=007  cr||||||||||||
=008  221010c20229999enkqr\p\o\\\\\0\\\a0eng\\
=022  0\$a2976-503X$202
=040  \\$aUk$beng$cUk$erda
=222  \0$aSouth Africa pharmaceuticals report
=245  00$aSouth Africa pharmaceuticals report.
=263  \\$a202204
=264  \1$aLondon :$bFitch Solutions
=310  \\$aQuarterly
=336  \\$atext$2rdacontent
=337  \\$acomputer$2rdamedia
=338  \\$aonline resource$2rdacarrier
=985  \\$aSplit from ISSN 2058-1920 South Africa pharmaceuticals & healthcare report. Please link on completion.
=CAT  \\$a7152$b40$c20221010$lBLL01$h1022
=FMT  \\$a  SE
=LAS  \\$a7152$b40$c20221010$lBLL01$h1022

