=LDR  00909nas a22002658i 4500
=001  020770567
=003  Uk
=005  20221010110948.0
=006  m\\\\\\\\d\|\\\\\\
=007  cr||||||||||||
=008  221010c20229999enkqr\p\o\\\\\0\\\a0eng\\
=022  0\$a2976-5110$202
=040  \\$aUk$beng$cUk$erda
=222  \0$aTaiwan, China pharmaceuticals report
=245  00$aTaiwan, China pharmaceuticals report.
=263  \\$a202210
=264  \1$aLondon :$bFitch Solutions
=310  \\$aQuarterly
=336  \\$atext$2rdacontent
=337  \\$acomputer$2rdamedia
=338  \\$aonline resource$2rdacarrier
=985  \\$aSplit from ISSN 2753-247X Taiwan pharmaceuticals & healthcare report. Please link on completion. Earlier title provisional status at time of assignment, but Fitch Store website shows it as published.
=CAT  \\$a7152$b40$c20221010$lBLL01$h1109
=FMT  \\$a  SE
=LAS  \\$a7152$b40$c20221010$lBLL01$h1109

