=LDR  00816nas a22002658i 4500
=001  020770603
=003  Uk
=005  20221010121619.0
=006  m\\\\\\\\d\|\\\\\\
=007  cr||||||||||||
=008  221010c20229999enkqr\p\o\\\\\0\\\a0eng\\
=022  0\$a2976-5196$202
=040  \\$aUk$beng$cUk$erda
=222  \0$aUnited Kingdom pharmaceuticals report
=245  00$aUnited Kingdom pharmaceuticals report.
=263  \\$a202210
=264  \1$aLondon :$bFitch Solutions
=310  \\$aQuarterly
=336  \\$atext$2rdacontent
=337  \\$acomputer$2rdamedia
=338  \\$aonline resource$2rdacarrier
=985  \\$aSplit from ISSN 2058-3478 United Kingdom pharmaceuticals & healthcare report. Please link on completion.
=CAT  \\$a7152$b40$c20221010$lBLL01$h1216
=FMT  \\$a  SE
=LAS  \\$a7152$b40$c20221010$lBLL01$h1216

