=LDR  00794nas a22002658i 4500
=001  020770608
=003  Uk
=005  20221010121919.0
=006  m\\\\\\\\d\|\\\\\\
=007  cr||||||||||||
=008  221010c20229999enkqr\p\o\\\\\0\\\a0eng\\
=022  0\$a2976-4238$202
=040  \\$aUk$beng$cUk$erda
=222  \0$aBrazil pharmaceuticals report
=245  00$aBrazil pharmaceuticals report.
=263  \\$a202210
=264  \1$aLondon :$bFitch Solutions
=310  \\$aQuarterly
=336  \\$atext$2rdacontent
=337  \\$acomputer$2rdamedia
=338  \\$aonline resource$2rdacarrier
=985  \\$aSplit from ISSN 2057-908X Brazil pharmaceuticals & healthcare report. Please link on completion.
=CAT  \\$a10806$b40$c20221010$lBLL01$h1219
=FMT  \\$a  SE
=LAS  \\$a10806$b40$c20221010$lBLL01$h1219

