=LDR  00795nas a22002658i 4500
=001  020770619
=003  Uk
=005  20221010124254.0
=006  m\\\\\\\\d\|\\\\\\
=007  cr||||||||||||
=008  221010c20229999enkqr\p\o\\\\\0\\\a0eng\\
=022  0\$a2976-5234$202
=040  \\$aUk$beng$cUk$erda
=222  \0$aVietnam pharmaceuticals report
=245  00$aVietnam pharmaceuticals report.
=263  \\$a202210
=264  \1$aLondon :$bFitch Solutions
=310  \\$aQuarterly
=336  \\$atext$2rdacontent
=337  \\$acomputer$2rdamedia
=338  \\$aonline resource$2rdacarrier
=985  \\$aSplit from ISSN 2057-780X Vietnam pharmaceuticals & healthcare report. Please link on completion.
=CAT  \\$a7152$b40$c20221010$lBLL01$h1242
=FMT  \\$a  SE
=LAS  \\$a7152$b40$c20221010$lBLL01$h1242

