=LDR  00908nas a22002778i 4500
=001  020770802
=003  Uk
=005  20221011092517.0
=006  m\\\\\\\\d\|\\\\\\
=007  cr||||||||||||
=008  221011c20229999enkqr\p\o\\\\\0\\\a0eng\\
=022  0\$a2976-4742$202
=040  \\$aUk$beng$cUk$erda
=222  \0$aMauritius pharmaceuticals report$b(Qualify)
=245  00$aMauritius pharmaceuticals report.
=263  \\$a202210
=264  \1$aLondon :$bFitch Solutions
=310  \\$aQuarterly
=336  \\$atext$2rdacontent
=337  \\$acomputer$2rdamedia
=338  \\$aonline resource$2rdacarrier
=985  \\$aSplit from ISSN 2753-5673 Mauritius pharmaceuticals and healthcare report. Please link on completion. Also need to qualify this record by (year)
=CAT  \\$a10806$b40$c20221011$lBLL01$h0924
=CAT  \\$a10806$b40$c20221011$lBLL01$h0925
=FMT  \\$a  SE
=LAS  \\$a10806$b40$c20221011$lBLL01$h0925

