=LDR  00935nas a22002658i 4500
=001  020784154
=003  Uk
=005  20221024082848.0
=006  m\\\\\\\\d\|\\\\\\
=007  cr||||||||||||
=008  221024c198u9999enk\x\m\o\\\\\0\\\a0eng\\
=022  0\$a2946-8825$202
=040  \\$aUk$beng$cUk$erda
=222  \0$aCritical human geography$b(Online)
=245  00$aCritical human geography.
=264  \1$aBasingstoke :$bMacmillan Education
=310  \\$aIrregular
=336  \\$atext$2rdacontent
=337  \\$acomputer$2rdamedia
=338  \\$aonline resource$2rdacarrier
=985  \\$aISSN UK Centre: ISSN assigned by IC (Sprinegr project). SpringerLink series ID 14195, link not valid / no resources 24/10/22 (DLW).
=985  \\$aISSN UK Centre: see print format version, ISSN 2946-8817. Please add 776 to both records on completion.
=CAT  \\$a10973$b40$c20221024$lBLL01$h0828
=FMT  \\$a  SE
=LAS  \\$a10973$b40$c20221024$lBLL01$h0828

