=LDR  00867nas a22002658i 4500
=001  020788523
=003  Uk
=005  20221027080758.0
=006  m\\\\\\\\d\|\\\\\\
=007  cr||||||||||||
=008  221027c20239999enkar\p\o\\\\\0\\\a0eng\\
=022  0\$a2755-9572$202
=040  \\$aUk$beng$cUk$erda
=222  \0$aSunderland journal of law and criminology
=245  00$aSunderland journal of law and criminology.
=263  \\$a202309
=264  \1$aSunderland :$bUniversity of Sunderland
=310  \\$aAnnual
=336  \\$atext$2rdacontent
=337  \\$acomputer$2rdamedia
=338  \\$aonline resource$2rdacarrier
=985  \\$aISSN UK Centre: re-launch and c/t from 'Sunderland student law journal' ISSN 2634-193X, please add 78X / LKR as required on completion.
=CAT  \\$a10973$b40$c20221027$lBLL01$h0807
=FMT  \\$a  SE
=LAS  \\$a10973$b40$c20221027$lBLL01$h0807

