=LDR  01125nas a22002778i 4500
=001  020790170
=003  Uk
=005  20221031114750.0
=006  m\\\\\\\\d\|\\\\\\
=007  cr||||||||||||
=008  221031c20239999enk\x\p\o\\\\\1\\\a0eng\\
=022  0\$a2753-5800$202
=040  \\$aUk$beng$cUk$erda
=222  \0$aSTFC conference proceedings
=245  00$aSTFC conference proceedings.
=246  3\$aScience and Technology Facilities Council conference proceedings
=263  \\$a202301
=264  \1$aDidcot :$bSTFC
=336  \\$atext$2rdacontent
=337  \\$acomputer$2rdamedia
=338  \\$aonline resource$2rdacarrier
=985  \\$aMerger of two proceedings: Conference proceedings. RAL - Council for the Central Laboratory of the Research Councils (ISSN 1362-0231) & Conference proceedings. DL - Council for the Central Laboratory of the Research Councils (ISSN 1362-0223). Both are print records. May need to assign 2 new online ISSN prior to linking with this record.
=CAT  \\$a10806$b40$c20221031$lBLL01$h1146
=CAT  \\$a10806$b40$c20221031$lBLL01$h1147
=FMT  \\$a  SE
=LAS  \\$a10806$b40$c20221031$lBLL01$h1147

