=LDR  01066nas a22003018i 4500
=001  020799132
=003  Uk
=005  20221107084549.0
=006  m\\\\\\\\d\|\\\\\\
=007  cr||||||||||||
=008  221107c20uu9999stkar\p\o\\\\\0\\\a0eng\\
=022  0\$a2753-5894$202
=040  \\$aUk$beng$cUk$erda
=222  \0$aAnnual review$b(RSABI (Organization). Online)
=245  00$aAnnual review.
=263  \\$a202211
=264  \1$aNewbridge, Midlothian :$bRoyal Scottish Agricultural Benevolent Institution
=310  \\$aAnnual
=336  \\$atext$2rdacontent
=337  \\$acomputer$2rdamedia
=338  \\$aonline resource$2rdacarrier
=776  08$iAlso issued in print as:$tAnnual review$x2753-5886
=985  \\$aISSN note: online copies already available via publisher website. Waiting for print copy to complete both records. Asked for print copy via email (07/11/22)
=CAT  \\$a10806$b40$c20221107$lBLL01$h0810
=CAT  \\$a10806$b40$c20221107$lBLL01$h0845
=FMT  \\$a  SE
=LAS  \\$a10806$b40$c20221107$lBLL01$h0845
=LET  \0$aRSABI annual review (Electronic)

