=LDR  00806nas a22002898i 4500
=001  020799598
=003  Uk
=005  20221107134722.0
=007  ta
=008  221107c19949999enkbr\p\\\\\\\0\\\a0eng\\
=022  0\$a1356-5516$202
=040  \\$aUk$beng$cUk$erda
=222  \0$aVoice international$b(Asia Pacific ed.)
=245  00$aVoice international.
=250  \\$aAsia Pacific edition
=263  \\$a199411
=264  \1$aLondon :$bEurope Media
=310  \\$aBimonthly
=336  \\$atext$2rdacontent
=337  \\$aunmediated$2rdamedia
=338  \\$avolume$2rdacarrier
=985  \\$aISSN Suppressed 7/11/22. Copy not received.
=985  \\$aISSN record only. Do not merge.
=CAT  \\$a10973$b40$c20221107$lBLL01$h1347
=FMT  \\$a  SE
=LAS  \\$a10973$b40$c20221107$lBLL01$h1347
=STA  \\$aSUPPRESSED$bISSN

