=LDR  00926cas a22003018i 4500
=001  020830274
=003  Uk
=005  20221207105905.0
=006  m\\\\\\\\d\|\\\\\\
=007  cr||||||||||||
=008  221206c20239999enkar\p\o\\\\\0\\\a0eng\\
=022  0\$a2976-6508$202
=040  \\$aUk$beng$cUk$erda
=222  \0$aWWL. Real estate$b(Online)
=245  00$aWWL.$pReal estate.
=246  3\$aWho's who legal.$pReal estate
=263  \\$a202312
=264  \1$aLondon :$bLaw Business Research Ltd
=310  \\$aAnnual
=336  \\$atext$2rdacontent
=337  \\$acomputer$2rdamedia
=338  \\$aonline resource$2rdacarrier
=985  \\$aISSN UK Centre note: Print ceasing in 2022, please add 776 link on completion to ISSN 1758-6178.
=CAT  \\$a7152$b40$c20221206$lBLL01$h1601
=CAT  \\$a7152$b40$c20221206$lBLL01$h1612
=CAT  \\$a7152$b40$c20221207$lBLL01$h1059
=FMT  \\$a  SE
=LAS  \\$a7152$b40$c20221207$lBLL01$h1059

