=LDR  01078nas a22003018i 4500
=001  020834435
=003  Uk
=005  20221207111717.0
=006  m\\\\\\\\d\|\\\\\\
=007  cr||||||||||||
=008  221207c20239999enkar\p\o\\\\\0\\\a0eng\\
=022  0\$a2976-6516$202
=040  \\$aUk$beng$cUk$erda
=222  \0$aWWL. Thought leaders. Mainland China and Hong Kong SAR$b(Online)
=245  00$aWWL.$pThought leaders.$pMainland China and Hong Kong SAR.
=246  3\$aWho's who legal.$pThought leaders.$pMainland China and Hong Kong SAR
=263  \\$a202312
=264  \1$aLondon :$bLaw Business Research Ltd
=310  \\$aAnnual
=336  \\$atext$2rdacontent
=337  \\$acomputer$2rdamedia
=338  \\$aonline resource$2rdacarrier
=985  \\$aISSN UK Centre note: Print ceasing in 2022, please add 776 link on completion to ISSN 2752-9371.
=CAT  \\$a7152$b40$c20221207$lBLL01$h1116
=CAT  \\$a7152$b40$c20221207$lBLL01$h1117
=FMT  \\$a  SE
=LAS  \\$a7152$b40$c20221207$lBLL01$h1117
=LET  \0$aWWL. Thought leaders. Mainland China and Hong Kong SAR (Electronic)

