=LDR  00926nas a22002898i 4500
=001  020834443
=003  Uk
=005  20221207112805.0
=006  m\\\\\\\\d\|\\\\\\
=007  cr||||||||||||
=008  221207c20239999enkar\p\o\\\\\0\\\a0eng\\
=022  0\$a2976-6524$202
=040  \\$aUk$beng$cUk$erda
=222  \0$aWWL. Australia & New Zealand$b(Online)
=245  00$aWWL.$pAustralia & New Zealand.
=246  3\$aWho's who legal.$pAustralia and New Zealand
=263  \\$a202312
=264  \1$aLondon :$bLaw Business Research Ltd
=310  \\$aAnnual
=336  \\$atext$2rdacontent
=337  \\$acomputer$2rdamedia
=338  \\$aonline resource$2rdacarrier
=985  \\$aISSN UK Centre note: Print ceasing in 2022, please add 776 link on completion to ISSn 2752-4043
=CAT  \\$a7152$b40$c20221207$lBLL01$h1128
=FMT  \\$a  SE
=LAS  \\$a7152$b40$c20221207$lBLL01$h1128
=LET  \0$aWWL. Australia & New Zealand. (Electronic)

