=LDR  00999nas a22003018i 4500
=001  020834547
=003  Uk
=005  20221207135620.0
=006  m\\\\\\\\d\|\\\\\\
=007  cr||||||||||||
=008  221207c20239999enkar\p\o\\\\\0\\\a0eng\\
=022  0\$a2976-6559$202
=040  \\$aUk$beng$cUk$erda
=222  \0$aWWL. Mediation$b(Online)
=245  00$aWWL.$pMediation.
=246  3\$aWho's who legal.$pMediation.
=263  \\$a202312
=264  \1$aLondon :$bLaw Business Research Ltd
=310  \\$aAnnual
=336  \\$atext$2rdacontent
=337  \\$acomputer$2rdamedia
=338  \\$aonline resource$2rdacarrier
=985  \\$aISSN UK Centre note: Print ceasing in 2022, please add 776 link on completion to ISSN 2057-2778
=985  \\$aISSN requested as 'Commercial mediation' but Aleph shows a c/t in 2014 to 'Mediation'. ISSN UK Centre.
=CAT  \\$a7152$b40$c20221207$lBLL01$h1356
=FMT  \\$a  SE
=LAS  \\$a7152$b40$c20221207$lBLL01$h1356
=LET  \0$aWho's who legal. Mediation.(Electronic)

