=LDR  00903nas a22002898i 4500
=001  020834586
=003  Uk
=005  20221207152656.0
=006  m\\\\\\\\d\|\\\\\\
=007  cr||||||||||||
=008  221207c20239999enkar\p\o\\\\\0\\\a0eng\\
=022  0\$a2976-6575$202
=040  \\$aUk$beng$cUk$erda
=222  \0$aWWL. Consulting experts$b(Online)
=245  00$aWWL.$pConsulting experts.
=246  3\$aWho's who legal.$pConsulting experts
=263  \\$a202312
=264  \1$aLondon :$bLaw Business Research Ltd
=310  \\$aAnnual
=336  \\$atext$2rdacontent
=337  \\$acomputer$2rdamedia
=338  \\$aonline resource$2rdacarrier
=985  \\$aISSN UK Centre note: Print ceasing in 2022, please add 776 link on completion to ISSN 2398-8010.
=CAT  \\$a7152$b40$c20221207$lBLL01$h1526
=FMT  \\$a  SE
=LAS  \\$a7152$b40$c20221207$lBLL01$h1526
=LET  \0$aWWl. Consulting expert (Electronic)

