=LDR  00995nas a22003018i 4500
=001  020834589
=003  Uk
=005  20221213141613.0
=006  m\\\\\\\\d\|\\\\\\
=007  cr||||||||||||
=008  221207c20239999enkar\p\o\\\\\0\\\a0eng\\
=022  0\$a2976-6583$202
=040  \\$aUk$beng$cUk$erda
=222  \0$aWWL. Thought leaders. Construction$b(Online)
=245  00$aWWL.$pThought leaders.$pConstruction
=246  3\$aWho's who legal.$pThought leaders.$pConstruction
=263  \\$a202312
=264  \1$aLondon :$bLaw Business Reseach Ltd
=310  \\$aAnnual
=336  \\$atext$2rdacontent
=337  \\$acomputer$2rdamedia
=338  \\$aonline resource$2rdacarrier
=985  \\$aISSN UK Centre note: Print ceasing in 2022, please add 776 link on completion to ISSN 2516-1318
=CAT  \\$a7152$b40$c20221207$lBLL01$h1540
=CAT  \\$a7152$b40$c20221213$lBLL01$h1416
=FMT  \\$a  SE
=LAS  \\$a7152$b40$c20221213$lBLL01$h1416
=LET  \0$aWWL. Thought leaders. Construction (Electronic)

