=LDR  00951nas a22002898i 4500
=001  020835137
=003  Uk
=005  20221208125522.0
=006  m\\\\\\\\d\|\\\\\\
=007  cr||||||||||||
=008  221208c20239999enkar\p\o\\\\\0\\\a0eng\\
=022  0\$a2976-6338$202
=040  \\$aUk$beng$cUk$erda
=222  \0$aWWL. Product liability defence$b(Online)
=245  00$aWWL.$pProduct liability defence
=246  3\$aWho's who legal.$pProduct liability defence
=263  \\$a202312
=264  \1$aLondon :$bLaw Business Research
=310  \\$aAnnual
=336  \\$atext$2rdacontent
=337  \\$acomputer$2rdamedia
=338  \\$aonline resource$2rdacarrier
=985  \\$aISSN UK Centre: continues print format version, ISSN 2045-8320. Please close print record and add 7XX/LKR as required.
=CAT  \\$a10973$b40$c20221208$lBLL01$h1255
=FMT  \\$a  SE
=LAS  \\$a10973$b40$c20221208$lBLL01$h1255
=LET  \0$aWWL. Product liability defence (Electronic)

