=LDR  00978nas a22002898i 4500
=001  020835828
=003  Uk
=005  20221209100638.0
=006  m\\\\\\\\d\|\\\\\\
=007  cr||||||||||||
=008  221209c20239999enkar\p\o\\\\\0\\\a0eng\\
=022  0\$a2976-6419$202
=040  \\$aUk$beng$cUk$erda
=222  \0$aWWL. Thought leaders. Private client$b(Online)
=245  00$aWWL.$pThought leaders.$pPrivate client.
=246  3\$aWho's who legal.$pThought leaders.$pPrivate client
=263  \\$a202312
=264  \1$aLondon :$bLaw Business Research
=310  \\$aAnnual
=336  \\$atext$2rdacontent
=337  \\$acomputer$2rdamedia
=338  \\$aonline resource$2rdacarrier
=985  \\$aISSN UK Centre: continues print format version, ISSN 2633-7304. Please close print record and add 7XX/LKR as required.
=CAT  \\$a10973$b40$c20221209$lBLL01$h1006
=FMT  \\$a  SE
=LAS  \\$a10973$b40$c20221209$lBLL01$h1006
=LET  \0$aWWL. Thought leaders. Private client (Electronic)

