=LDR  00939nas a22003018i 4500
=001  020835850
=003  Uk
=005  20221209112702.0
=006  m\\\\\\\\d\|\\\\\\
=007  cr||||||||||||
=008  221209c20239999enkar\p\o\\\\\0\\\a0eng\\
=022  0\$a2976-6109$202
=040  \\$aUk$beng$cUk$erda
=222  \0$aWWL. Transport$b(Online)
=245  00$aWWL.$pTransport.
=246  3\$aWho's who legal.$pTransport.
=263  \\$a202312
=264  \1$aLondon :$bLaw Business Research
=310  \\$aAnnual
=336  \\$atext$2rdacontent
=337  \\$acomputer$2rdamedia
=338  \\$aonline resource$2rdacarrier
=985  \\$aISSN UK Centre note: See also print version which is continuing, ISSN 2633-9102. Please add 776 fields when completing.
=CAT  \\$a11313$b40$c20221209$lBLL01$h1100
=CAT  \\$a11313$b40$c20221209$lBLL01$h1127
=FMT  \\$a  SE
=LAS  \\$a11313$b40$c20221209$lBLL01$h1127
=LET  \0$aWWL. Transport (Electronic)

