=LDR  00978nas a22002898i 4500
=001  020835864
=003  Uk
=005  20221209111747.0
=006  m\\\\\\\\d\|\\\\\\
=007  cr||||||||||||
=008  221209c20239999enkar\p\o\\\\\0\\\a0eng\\
=022  0\$a2976-6125$202
=040  \\$aUk$beng$cUk$erda
=222  \0$aWWL. Telecoms, media & entertainment$b(Online)
=245  00$aWWL.$pTelecoms, media & entertainment.
=246  3\$aWho's who legal.$pTelecoms, media & entertainment.
=263  \\$a202312
=264  \1$aLondon :$bLaw Business Research
=310  \\$aAnnual
=336  \\$atext$2rdacontent
=337  \\$acomputer$2rdamedia
=338  \\$aonline resource$2rdacarrier
=985  \\$aISSN UK Centre note: See also print version which is continuing, ISSN 2752-4299. Please add 776 fields when completing.
=CAT  \\$a11313$b40$c20221209$lBLL01$h1117
=FMT  \\$a  SE
=LAS  \\$a11313$b40$c20221209$lBLL01$h1117
=LET  \0$aWWL. Telecoms, media & entertainment (Electronic)

