=LDR  00878nas a22002898i 4500
=001  020835869
=003  Uk
=005  20221209112626.0
=006  m\\\\\\\\d\|\\\\\\
=007  cr||||||||||||
=008  221209c20239999enkar\p\o\\\\\0\\\a0eng\\
=022  0\$a2976-6133$202
=040  \\$aUk$beng$cUk$erda
=222  \0$aWWL. Mining$b(Online)
=245  00$aWWL.$pMining.
=246  3\$aWho's who legal.$pMining.
=263  \\$a202312
=264  \1$aLondon :$bLaw Business Research
=310  \\$aAnnual
=336  \\$atext$2rdacontent
=337  \\$acomputer$2rdamedia
=338  \\$aonline resource$2rdacarrier
=985  \\$aISSN UK Centre note: See also print version which is continuing, ISSN 2056-5526. Please add 776 fields when completing.
=CAT  \\$a11313$b40$c20221209$lBLL01$h1126
=FMT  \\$a  SE
=LAS  \\$a11313$b40$c20221209$lBLL01$h1126
=LET  \0$aWWL. Mining (Electronic)

