=LDR  00882nas a22002898i 4500
=001  020835873
=003  Uk
=005  20221209113012.0
=006  m\\\\\\\\d\|\\\\\\
=007  cr||||||||||||
=008  221209c20239999enkar\p\o\\\\\0\\\a0eng\\
=022  0\$a2976-6141$202
=040  \\$aUk$beng$cUk$erda
=222  \0$aWWL. Banking$b(Online)
=245  00$aWWL.$pBanking.
=246  3\$aWho's who legal.$pBanking.
=263  \\$a202312
=264  \1$aLondon :$bLaw Business Research
=310  \\$aAnnual
=336  \\$atext$2rdacontent
=337  \\$acomputer$2rdamedia
=338  \\$aonline resource$2rdacarrier
=985  \\$aISSN UK Centre note: See also print version which is continuing, ISSN 1753-2280. Please add 776 fields when completing.
=CAT  \\$a11313$b40$c20221209$lBLL01$h1130
=FMT  \\$a  SE
=LAS  \\$a11313$b40$c20221209$lBLL01$h1130
=LET  \0$aWWL. Banking (Electronic)

