=LDR  01006nas a22002898i 4500
=001  020835887
=003  Uk
=005  20221209114656.0
=006  m\\\\\\\\d\|\\\\\\
=007  cr||||||||||||
=008  221209c20239999enkar\p\o\\\\\0\\\a0eng\\
=022  0\$a2976-6168$202
=040  \\$aUk$beng$cUk$erda
=222  \0$aWWL. Thought leaders. Labour & employment$b(Online)
=245  00$aWWL.$pThought leaders.$pLabour & employment.
=246  3\$aWho's who legal.$pThought leaders.$pLabour and employment.
=263  \\$a202312
=264  \1$aLondon :$bLaw Business Research
=310  \\$aAnnual
=336  \\$atext$2rdacontent
=337  \\$acomputer$2rdamedia
=338  \\$aonline resource$2rdacarrier
=985  \\$aISSN UK Centre note: Continues print format version, ISSN 2632-1416. Please close print record and add 7XX/LKR as required.
=CAT  \\$a11313$b40$c20221209$lBLL01$h1146
=FMT  \\$a  SE
=LAS  \\$a11313$b40$c20221209$lBLL01$h1146
=LET  \0$aWWL. Thought leaders. Labour & employment (Electronic)

