=LDR  01034nas a22002898i 4500
=001  020836000
=003  Uk
=005  20221209154450.0
=006  m\\\\\\\\d\|\\\\\\
=007  cr||||||||||||
=008  221209c20239999enkar\p\o\\\\\0\\\a0eng\\
=022  0\$a2976-6257$202
=040  \\$aUk$beng$cUk$erda
=222  \0$aWWL. Thought leaders. Restructuring & insolvency$b(Online)
=245  00$aWWL.$pThought leaders.$pRestructuring & insolvency.
=246  3\$aWho's who legal.$pThought leaders.$pRestructuring and insolvency.
=263  \\$a202312
=264  \1$aLondon :$bLaw Business Research
=310  \\$aAnnual
=336  \\$atext$2rdacontent
=337  \\$acomputer$2rdamedia
=338  \\$aonline resource$2rdacarrier
=985  \\$aISSN UK Centre note: Continues print format version, ISSN 2516-127X. Please close print record and add 7XX/LKR as required.
=CAT  \\$a11313$b40$c20221209$lBLL01$h1544
=FMT  \\$a  SE
=LAS  \\$a11313$b40$c20221209$lBLL01$h1544
=LET  \0$aWWL. Thought leaders. Restructuring & insolvency (Electronic)

