=LDR  00918nas a22002898i 4500
=001  020836303
=003  Uk
=005  20221212092713.0
=006  m\\\\\\\\d\|\\\\\\
=007  cr||||||||||||
=008  221212c20239999enkar\p\o\\\\\0\\\a0eng\\
=022  0\$a2976-6281$202
=040  \\$aUk$beng$cUk$erda
=222  \0$aWWL. Central America$b(Online)
=245  00$aWWL.$pCentral America.
=246  3\$aWho's who legal.$pCentral America.
=263  \\$a202312
=264  \1$aLondon :$bLaw Business Research
=310  \\$aAnnual
=336  \\$atext$2rdacontent
=337  \\$acomputer$2rdamedia
=338  \\$aonline resource$2rdacarrier
=985  \\$aISSN UK Centre note: Continues print format version, ISSN 2398-7987. Please close print record and add 7XX/LKR as required.
=CAT  \\$a11313$b40$c20221212$lBLL01$h0927
=FMT  \\$a  SE
=LAS  \\$a11313$b40$c20221212$lBLL01$h0927
=LET  \0$aWWL. Central America (Electronic)

