=LDR  00992nas a22003018i 4500
=001  020837016
=003  Uk
=005  20221213152827.0
=006  m\\\\\\\\d\|\\\\\\
=007  cr||||||||||||
=008  221213c20239999enkar\p\o\\\\\0\\\a0eng\\
=022  0\$a2976-663X$202
=040  \\$aUk$beng$cUk$erda
=222  \0$aWWL. Thought leaders. Switzerland$b(Online)
=245  00$aWWL.$pThought leaders.$pSwitzerland
=246  3\$aWho's who legal.$pThought leaders.$pSwitzerland
=263  \\$a202312
=264  \1$aLondon :$bLaw Business Research Ltd
=310  \\$aAnnual
=336  \\$atext$2rdacontent
=337  \\$acomputer$2rdamedia
=338  \\$aonline resource$2rdacarrier
=985  \\$aISSN UK Centre note: Print ceasing in 2022, please add 776 link on completion to ISSN 2516-130X
=CAT  \\$a7152$b40$c20221213$lBLL01$h1523
=CAT  \\$a7152$b40$c20221213$lBLL01$h1528
=FMT  \\$a  SE
=LAS  \\$a7152$b40$c20221213$lBLL01$h1528
=LET  \0$aWWL. Thought leaders. Switzerland (Electronic)

