=LDR  00851nas a22002898i 4500
=001  020837020
=003  Uk
=005  20221213153241.0
=006  m\\\\\\\\d\|\\\\\\
=007  cr||||||||||||
=008  221213c20239999enkar\p\o\\\\\0\\\a0eng\\
=022  0\$a2976-6656$202
=040  \\$aUk$beng$cUk$erda
=222  \0$aWWL. Japan$b(Online)
=245  00$aWWL.$pJapan.
=246  3\$aWho's who legal.$pJapan
=263  \\$a202312
=264  \1$aLondon :$bLaw Business Research Ltd
=310  \\$aAnnual
=336  \\$atext$2rdacontent
=337  \\$acomputer$2rdamedia
=338  \\$aonline resource$2rdacarrier
=985  \\$aISSN UK Centre note: Print ceasing in 2022, please add 776 link on completion to ISSN 2056-5496
=CAT  \\$a7152$b40$c20221213$lBLL01$h1532
=FMT  \\$a  SE
=LAS  \\$a7152$b40$c20221213$lBLL01$h1532
=LET  \0$aWWL. Japan (Electronic)

