=LDR  00984nas a22003018i 4500
=001  020837038
=003  Uk
=005  20221213155633.0
=006  m\\\\\\\\d\|\\\\\\
=007  cr||||||||||||
=008  221213c20239999enkar\p\o\\\\\0\\\a0eng\\
=022  0\$a2976-6680$202
=040  \\$aUk$beng$cUk$erda
=222  \0$aWWL. Franchising$b(Online)
=245  00$aWWL$pFranchising.
=246  3\$aWho's who legal.$pFranchising
=263  \\$a202312
=264  \1$aLondon :$bLaw Business Research Ltd
=310  \\$aAnnual
=336  \\$atext$2rdacontent
=337  \\$acomputer$2rdamedia
=338  \\$aonline resource$2rdacarrier
=985  \\$aISSN UK Centre note: Print ceasing in 2022, please add 766 link on completion to ISSN 1756-400X
=985  \\$aAleph record for previous title has title as 'Who's who legal. Franchise', not 'franchising'.
=CAT  \\$a7152$b40$c20221213$lBLL01$h1556
=FMT  \\$a  SE
=LAS  \\$a7152$b40$c20221213$lBLL01$h1556
=LET  \0$aWWL. Franchising (Electronic)

