=LDR  00915nas a22002898i 4500
=001  020837044
=003  Uk
=005  20221213160738.0
=006  m\\\\\\\\d\|\\\\\\
=007  cr||||||||||||
=008  221213c20239999enkar\p\o\\\\\0\\\a0eng\\
=022  0\$a2976-6699$202
=040  \\$aUk$beng$cUk$erda
=222  \0$aWWL. Commercial litigation$b(Online)
=245  00$aWWL.$pCommercial litigation.
=246  3\$aWho's who legal.$pCommercial litigation
=263  \\$a202312
=264  \1$aLondon :$bLaw Business Research Ltd
=310  \\$aAnnual
=336  \\$atext$2rdacontent
=337  \\$acomputer$2rdamedia
=338  \\$aonline resource$2rdacarrier
=985  \\$aISSN UK Centre note: Print ceasing in 2022, please add 766 link on completion to ISSN 2752-4264
=CAT  \\$a7152$b40$c20221213$lBLL01$h1607
=FMT  \\$a  SE
=LAS  \\$a7152$b40$c20221213$lBLL01$h1607
=LET  \0$aWWL. Commercial litigation (Electronic)

