=LDR  01111nas a22003377i 4500
=001  020840592
=003  Uk
=005  20221216092534.0
=007  ta
=008  221216c20139999hiufr\p\\\\\\\0\\\a0eng\\
=022  0\$a2835-317X
=040  \\$aUk$beng$cUk$erda
=222  \0$aCHINOPERL$b(Print)
=245  00$aCHINOPERL :$bjournal of Chinese oral & performing literature
=264  \1$aLeeds :$bManey Publishing,$c2013-
=264  31$32020-$a[Honolulu, Hawai'i] :$bUniversity of Hawai'i Press,
=310  \\$aSemiannual
=336  \\$atext$2rdacontent
=337  \\$aunmediated$2rdamedia
=338  \\$avolume$2rdacarrier
=776  08$iAlso issued online as:$tCHINOPERL$x2835-3188
=780  00$tCHINOPERL papers$x0193-7774
=985  \\$aDescription based on ISSN Portal record.
=CAT  \\$a11313$b40$c20221216$lBLL01$h0922
=CAT  \\$a11313$b40$c20221216$lBLL01$h0925
=CAT  \\$a11313$b40$c20221216$lBLL01$h0925
=FIN  \\$aY$d20221216
=FMT  \\$a  SE
=LAS  \\$a11313$b40$c20221216$lBLL01$h0925
=LET  \0$aCHINOPERL (Print)
=LKR  \\$aPAR$b012391909$lBLL01$r78000$mCHINOPERL (Print)$nCHINOPERL papers

