=LDR  00869nas a22002658i 4500
=001  020841841
=003  Uk
=005  20221219103800.0
=006  m\\\\\\\\d\|\\\\\\
=007  cr||||||||||||
=008  221219c20239999enkar\j\o\\\\\0\\\a0eng\\
=022  0\$a2753-4138$202
=040  \\$aUk$beng$cUk$erda
=222  \0$aNew directions in the teaching of natural sciences
=245  00$aNew directions in the teaching of natural sciences.
=263  \\$a202306
=264  \1$aLeicester :$bUniversity of Leicester Open Journals
=310  \\$aAnnual
=336  \\$atext$2rdacontent
=337  \\$acomputer$2rdamedia
=338  \\$aonline resource$2rdacarrier
=985  \\$aC/T from 'New directions in the teaching of physical sciences' (ISSN 2051-3615). Please link on completion.
=CAT  \\$a10806$b40$c20221219$lBLL01$h1038
=FMT  \\$a  SE
=LAS  \\$a10806$b40$c20221219$lBLL01$h1038

