=LDR  01224nas a22002898i 4500
=001  020846198
=003  Uk
=005  20221221104805.0
=006  m\\\\\\\\d\|\\\\\\
=007  cr||||||||||||
=008  221221c20229999enktr\p\o\\\\\0\\\a0eng\\
=022  0\$a2755-337X$202
=040  \\$aUk$beng$cUk$erda
=222  \0$aAl-asma-ul-Husna - Allah Rab-ul-Izat K 99 Nam - Urdu Shairi K Tnazur mei$b(Online)
=245  00$aAl-asma-ul-Husna - Allah Rab-ul-Izat K 99 Nam - Urdu Shairi K Tnazur mei.
=263  \\$a202212
=264  \1$aLondon :$bAdnan Sharif
=310  \\$aThree issues yearly
=336  \\$atext$2rdacontent
=337  \\$acomputer$2rdamedia
=338  \\$aonline resource$2rdacarrier
=776  08$iAlso issued in print as:$tAl-asma-ul-Husna - Allah Rab-ul-Izat K 99 Nam - Urdu Shairi K Tnazur mei$x2755-3361
=985  \\$aISSN UK Centre note: Title likely to be in Urdu script - English translation of title provided by publisher: 'The most beautiful names - 99 names of Allah Almighty - In the light of Urdu poetry'.
=CAT  \\$a11313$b40$c20221221$lBLL01$h1048
=FMT  \\$a  SE
=LAS  \\$a11313$b40$c20221221$lBLL01$h1048
=LET  \0$aAl-asma-ul-Husna - Allah Rab-ul-Izat K 99 Nam - Urdu Shairi K Tnazur mei (Electronic)

