=LDR  00875nas a22002898i 4500
=001  020857872
=003  Uk
=005  20230109121004.0
=006  m\\\\\\\\d\|\\\\\\
=007  cr||||||||||||
=008  230109c20099999enkar\\\o\\\\\0\\\a0eng\\
=022  0\$a2976-6702$202
=040  \\$aUk$beng$cUk$erda
=222  \0$aWho's who legal. Brazil$b(Online)
=245  00$aWho's who legal.$pBrazil.
=246  30$aBrazil
=263  \\$a202312
=264  \1$aLondon :$bLaw Business Research Ltd
=310  \\$aAnnual
=336  \\$atext$2rdacontent
=337  \\$acomputer$2rdamedia
=338  \\$aonline resource$2rdacarrier
=985  \\$aISSN UK Centre note: Print ceasing in 2022, please add 776 link on completion to ISSN 2041-5230
=CAT  \\$a10806$b40$c20230109$lBLL01$h1210
=FMT  \\$a  SE
=LAS  \\$a10806$b40$c20230109$lBLL01$h1210
=LET  \0$aWho's who legal. Brazil (Electronic)

