=LDR  00951nas a22003018i 4500
=001  020857881
=003  Uk
=005  20230109121933.0
=006  m\\\\\\\\d\|\\\\\\
=007  cr||||||||||||
=008  230109c20149999enkar\\\or\\\\0\\\a0eng\\
=022  0\$a2976-6729$202
=040  \\$aUk$beng$cUk$erda
=222  \0$aWho's who legal. Trade & customs$b(Online)
=245  00$aWho's who legal.$pTrade & customs.
=246  30$aTrade & customs
=263  \\$a202312
=264  \1$aLondon :$bLaw Business Research
=310  \\$aAnnual
=336  \\$atext$2rdacontent
=337  \\$acomputer$2rdamedia
=338  \\$aonline resource$2rdacarrier
=338  \\$aonline resource$2rdacarrier
=985  \\$aISSN UK Centre note: Print ceasing in 2022, please add 776 link on completion to ISSN 2056-5518
=CAT  \\$a10806$b40$c20230109$lBLL01$h1219
=FMT  \\$a  SE
=LAS  \\$a10806$b40$c20230109$lBLL01$h1219
=LET  \0$aWho's who legal. Trade & customs (Electronic)

