=LDR  01076nas a22003138i 4500
=001  020857891
=003  Uk
=005  20230109123342.0
=006  m\\\\\\\\d\|\\\\\\
=007  cr||||||||||||
=008  230109c20219999enkar\\\o\\\\\0\\\a0eng\\
=022  0\$a2976-6745$202
=040  \\$aUk$beng$cUk$erda
=222  \0$aWWL. Mainland China & Hong Kong SAR$b(Online)
=245  00$aWWL.$pMainland China & Hong Kong SAR
=246  3\$aWho's who legal.$pMainland China and Hong Kong Special Administrative Region
=246  30$aMainland China & Hong Kong SAR
=263  \\$a202312
=264  \1$aLondon :$bLaw Business Research Ltd
=310  \\$aAnnual
=336  \\$atext$2rdacontent
=337  \\$acomputer$2rdamedia
=338  \\$aonline resource$2rdacarrier
=985  \\$aISSN UK Centre note: Print ceasing in 2022, please add 776 link on completion to ISSN 2752-4256
=CAT  \\$a10806$b40$c20230109$lBLL01$h1232
=CAT  \\$a10806$b40$c20230109$lBLL01$h1233
=FMT  \\$a  SE
=LAS  \\$a10806$b40$c20230109$lBLL01$h1233
=LET  \0$aWWL. Mainland China & Hong Kong SAR (Electronic)

