=LDR  00926nas a22002898i 4500
=001  020857895
=003  Uk
=005  20230109124448.0
=006  m\\\\\\\\d\|\\\\\\
=007  cr||||||||||||
=008  230109c20209999enkar\\\o\\\\\0\\\a0eng\\
=022  0\$a2976-6761$202
=040  \\$aUk$beng$cUk$erda
=222  \0$aWWL. Thought leaders. France$b(Online)
=245  00$aWWL.$pThought leaders.$pFrance
=246  3\$aWho's who legal.$pThought leaders.$pFrance
=263  \\$a202312
=264  \1$aLondon :$bLaw Business Research Ltd
=310  \\$aAnnual
=336  \\$atext$2rdacontent
=337  \\$acomputer$2rdamedia
=338  \\$aonline resource$2rdacarrier
=985  \\$aISSN UK Centre note: Print ceasing in 2022, please add 776 link on completion to ISSN 2633-6731
=CAT  \\$a10806$b40$c20230109$lBLL01$h1244
=FMT  \\$a  SE
=LAS  \\$a10806$b40$c20230109$lBLL01$h1244
=LET  \0$aWWL. Thought leaders. France (Electronic)

