=LDR  00951nas a22002898i 4500
=001  020857897
=003  Uk
=005  20230109124946.0
=006  m\\\\\\\\d\|\\\\\\
=007  cr||||||||||||
=008  230109c20189999enkar\\\o\\\\\0\\\a0eng\\
=022  0\$a2976-677X$202
=040  \\$aUk$beng$cUk$erda
=222  \0$aWWL. Thought leaders. Global elite$b(Online)
=245  00$aWWL.$pThought leaders.$pGlobal elite.
=246  3\$aWho's who legal.$pThought leaders.$pGlobal elite
=263  \\$a202312
=264  \1$aLondon :$bLaw Business Research Ltd
=310  \\$aAnnual
=336  \\$atext$2rdacontent
=337  \\$acomputer$2rdamedia
=338  \\$aonline resource$2rdacarrier
=985  \\$aISSN UK Centre note: Print ceasing in 2022, please add 776 link on completion to ISSN 2631-6749
=CAT  \\$a10806$b40$c20230109$lBLL01$h1249
=FMT  \\$a  SE
=LAS  \\$a10806$b40$c20230109$lBLL01$h1249
=LET  \0$aWWL. Thought leaders. Global elite (Electronic)

