=LDR  01073nas a22003138i 4500
=001  020857901
=003  Uk
=005  20230109132941.0
=006  m\\\\\\\\d\|\\\\\\
=007  cr||||||||||||
=008  230109c20169999enkar\\\o\\\\\0\\\a0eng\\
=022  0\$a2976-6796$202
=040  \\$aUk$beng$cUk$erda
=222  \0$aWho's who legal. Restructuring & insolvency$b(Online)
=245  00$aWho's who legal.$pRestructuring & insolvency.
=246  13$aWWL.$pRestructuring & insolvency
=246  3\$aWho's who legal.$pRestructuring and insolvency
=263  \\$a202312
=264  \1$aLondon :$bLaw Business Research Ltd
=310  \\$aAnnual
=336  \\$atext$2rdacontent
=337  \\$acomputer$2rdamedia
=338  \\$aonline resource$2rdacarrier
=985  \\$aISSN UK Centre note: Print ceasing in 2022, please add 776 link on completion to ISSN 2059-8041
=CAT  \\$a10806$b40$c20230109$lBLL01$h1328
=CAT  \\$a10806$b40$c20230109$lBLL01$h1329
=FMT  \\$a  SE
=LAS  \\$a10806$b40$c20230109$lBLL01$h1329
=LET  \0$aWho's who legal. Restructuring & insolvency (Electronic)

