=LDR  00901nas a22002417i 4500
=001  020864516
=003  Uk
=005  20230112143951.0
=007  ta
=008  230112c20219999enk||\\\\\\\\\0\\\a0eng\\
=040  \\$aUk$beng$cUk$erda
=245  00$aNatural you.
=264  \1$aBath :$bFuture Plc
=336  \\$atext$2rdacontent
=337  \\$aunmediated$2rdamedia
=338  \\$avolume$2rdacarrier
=490  0\$aInspired for life$x2632-8178
=595  \\$aTREAT AS A MONOGRAPH. Originally processed as a serial.
=985  \\$aFuture Publishing produces Editions with ISBN based barcodes, and issues with ISSN based barcodes.The ISSN is assigned to a series (That is not printed on the ISBN editions). Contents tends to be identical from one edition to the next (ED).
=CAT  \\$a8483$b40$c20230112$lBLL01$h1419
=CAT  \\$a8483$b40$c20230112$lBLL01$h1439
=FMT  \\$a  SE
=LAS  \\$a8483$b40$c20230112$lBLL01$h1439

