=LDR  00906nas a22002898i 4500
=001  020865054
=003  Uk
=005  20230113084827.0
=006  m\\\\\\\\d\|\\\\\\
=007  cr||||||||||||
=008  230113c20239999enkqr\g\o\\\\\0\\\a0eng\\
=022  0\$a2753-4286$202
=040  \\$aUk$beng$cUk$erda
=222  \0$aFrond & feather journal$b(Online)
=245  00$aFrond & feather journal.
=263  \\$a202302
=264  \1$aMytholmroyd :$bS. Soltanowicz
=310  \\$aQuarterly
=336  \\$atext$2rdacontent
=337  \\$acomputer$2rdamedia
=338  \\$aonline resource$2rdacarrier
=776  08$iAlso issued in print as:$tFrond & feather journal$x2753-4278
=985  \\$aC/T from ISSN 2753-4529 Frond & feather magazine. Please link on completion.
=CAT  \\$a10806$b40$c20230113$lBLL01$h0848
=FMT  \\$a  SE
=LAS  \\$a10806$b40$c20230113$lBLL01$h0848
=LET  \0$aFrond & feather journal (Electronic)

