=LDR  01258cas a22003138i 4500
=001  020865205
=003  Uk
=005  20230427073301.0
=006  m\\\\\\\\d\|\\\\\\
=007  cr||||||||||||
=008  230113c20239999enk\x\m\o\\\\\0\\\a0eng\\
=022  0\$a2976-5536$202
=040  \\$aUk$beng$cUk$erda
=222  \0$aElements in politics and society from Central Europe to Central Asia$b(Online)
=245  00$aElements in politics and society from Central Europe to Central Asia.
=263  \\$a202308
=264  \1$aCambridge :$bCambridge University Press
=310  \\$aIrregular
=336  \\$atext$2rdacontent
=337  \\$acomputer$2rdamedia
=338  \\$aonline resource$2rdacarrier
=776  08$iAlso issued in print as:$tElements in politics and society from Central Europe to Central Asia$x2976-5528
=985  \\$aISSN UK Centre: title changed in advance of publication from: Elements in Eastern European and Eurasian politics (request received 24/4/23).
=CAT  \\$a10973$b40$c20230113$lBLL01$h1357
=CAT  \\$a10973$b40$c20230427$lBLL01$h0732
=CAT  \\$a10973$b40$c20230427$lBLL01$h0733
=FMT  \\$a  SE
=LAS  \\$a10973$b40$c20230427$lBLL01$h0733
=LET  \0$aElements in politics and society from Central Europe to Central Asia (Electronic)

