=LDR  00920cas a22002898i 4500
=001  020866728
=003  Uk
=005  20230414090108.0
=006  m\\\\\\\\d\|\\\\\\
=007  cr||||||||||||
=008  230116c20239999enkqr\j\o\\\\\0\\\a0eng\\
=022  0\$a2753-4316$202
=040  \\$aUk$beng$cUk$erda
=222  \0$aWest Indies philately$b(Online)
=245  00$aWest Indies philately.
=263  \\$a202303
=264  \1$aBingham :$bWest Indies Philatelic Study Group
=310  \\$aQuarterly
=336  \\$atext$2rdacontent
=337  \\$acomputer$2rdamedia
=338  \\$aonline resource$2rdacarrier
=985  \\$aISSN UK Centre: see also print format version, ISSN 2753-4308. Please add 776 to both records on completion.
=CAT  \\$a10806$b40$c20230116$lBLL01$h1117
=CAT  \\$a10973$b40$c20230414$lBLL01$h0901
=FMT  \\$a  SE
=LAS  \\$a10973$b40$c20230414$lBLL01$h0901
=LET  \0$aWest Indies philately (Electronic)

