=LDR  01027nas a22002778i 4500
=001  020879183
=003  Uk
=005  20230119130215.0
=006  m\\\\\\\\d\|\\\\\\
=007  cr||||||||||||
=008  230119c20239999wlkfr\p\o\\\\\0\\\a0eng\\
=022  0\$a2755-3531$202
=040  \\$aUk$beng$cUk$erda
=222  \0$aJournal of conchology$b(Online)
=245  00$aJournal of conchology.
=263  \\$a202304
=264  \1$aCardiff :$bConchological Society of Great Britain & Ireland
=310  \\$aSemiannual
=336  \\$atext$2rdacontent
=337  \\$acomputer$2rdamedia
=338  \\$aonline resource$2rdacarrier
=985  \\$aISSN UK Centre note: online version of ISSN 0022-0019 - please add 776 fields when completing. Print version due to cease with completion of Volume 44 (last issue should be V. 44, pt. 6 (2022)). Journal will then be online only. ISSN UK, 19.01.2023.
=CAT  \\$a11313$b40$c20230119$lBLL01$h1302
=FMT  \\$a  SE
=LAS  \\$a11313$b40$c20230119$lBLL01$h1302
=LET  \0$aJournal of conchology (Electronic)

