=LDR  00944nas a22003018i 4500
=001  020879481
=003  Uk
=005  20230120083326.0
=006  m\\\\\\\\d\|\\\\\\
=007  cr||||||||||||
=008  230120c20219999enkar\\\o\\\\\0\\\a0eng\\
=022  0\$a2976-6869$202
=040  \\$aUk$beng$cUk$erda
=222  \0$aWWL. Sports & gaming$b(Online)
=245  00$aWWL.$pSports & gaming.
=246  3\$aWho's who legal.$pSports and gaming
=263  \\$a202312
=264  \1$aLondon :$bLaw Business Research Ltd
=310  \\$aAnnual
=336  \\$atext$2rdacontent
=337  \\$acomputer$2rdamedia
=338  \\$aonline resource$2rdacarrier
=985  \\$aISSN UK Centre note: Print ceasing in 2022, please add 776 link on completion to ISSN 2752-4280
=CAT  \\$a10806$b40$c20230120$lBLL01$h0832
=CAT  \\$a10806$b40$c20230120$lBLL01$h0833
=FMT  \\$a  SE
=LAS  \\$a10806$b40$c20230120$lBLL01$h0833
=LET  \0$aWWL. Sports & gaming (Electronic)

