=LDR  01018cas a22002898i 4500
=001  020934144
=003  Uk
=005  20230215075227.0
=006  m\\\\\\\\d\|\\\\\\
=007  cr||||||||||||
=008  230125c20249999enkqr\p\o\\\\\0\\\a0eng\\
=022  0\$a2753-3751$202
=040  \\$aUk$beng$cUk$erda
=222  \0$aEnvironmental research: Energy
=245  00$aEnvironmental research: Energy.
=263  \\$a202401
=264  \1$aBristol :$bIOP Publishing
=310  \\$aQuarterly
=336  \\$atext$2rdacontent
=337  \\$acomputer$2rdamedia
=338  \\$aonline resource$2rdacarrier
=985  \\$aCorrespondence with publisher from previous ISSN requests (ISSN 2634-4505, ISSN 2632-2153), they requested that the title inlcudes colon and info following is not subtitle. Please consider this when completing.
=CAT  \\$a7152$b40$c20230125$lBLL01$h1052
=CAT  \\$a10973$b40$c20230215$lBLL01$h0752
=FMT  \\$a  SE
=LAS  \\$a10973$b40$c20230215$lBLL01$h0752
=LET  \0$aEnvironmental research: Energy (Electronic)

