=LDR  01016nas a22002898i 4500
=001  020954136
=003  Uk
=005  20230210090749.0
=006  m\\\\\\\\d\|\\\\\\
=007  cr||||||||||||
=008  230209c19689999enkar\j\o\\\\\0\\\a0eng\\
=022  0\$a2753-4464$202
=040  \\$aUk$beng$cUk$erda
=222  \0$aStudies in medieval and renaissance history$b(Online)
=245  00$aStudies in medieval and renaissance history.
=263  \\$a202303
=264  \1$aYork :$bARC Humanities
=310  \\$aAnnual
=336  \\$atext$2rdacontent
=337  \\$acomputer$2rdamedia
=338  \\$aonline resource$2rdacarrier
=985  \\$aPlease link to ISSN 0081-8224 (Print) on completion (will need transfer from U.S. Center). Print copy should be delivered end of Feb/early March (Richard, 10/02/23)
=CAT  \\$a10806$b40$c20230209$lBLL01$h0906
=CAT  \\$a10806$b40$c20230210$lBLL01$h0907
=FMT  \\$a  SE
=LAS  \\$a10806$b40$c20230210$lBLL01$h0907
=LET  \0$aStudies in medieval and renaissance history (Electronic)

