=LDR  00989nas a22002778i 4500
=001  020954161
=003  Uk
=005  20230209095811.0
=006  m\\\\\\\\d\|\\\\\\
=007  cr||||||||||||
=008  230209d19471959enkqr\j\o\\\\\0\\\a0eng\\
=022  0\$a2753-4480$202
=040  \\$aUk$beng$cUk$erda
=222  \4$aThe journal of the Helicopter Association of Great Britain$b(Online)
=245  04$aThe journal of the Helicopter Association of Great Britain.
=263  \\$a202306
=264  \1$aLondon :$bHelicopter Association of Great Britain,$c1947-1959.
=310  \\$aQuarterly
=336  \\$atext$2rdacontent
=337  \\$acomputer$2rdamedia
=338  \\$aonline resource$2rdacarrier
=985  \\$aPlease link to ISSN 2753-4472 (Print) on completion. Being digitised by Cambridge University Press
=CAT  \\$a10806$b40$c20230209$lBLL01$h0958
=FMT  \\$a  SE
=LAS  \\$a10806$b40$c20230209$lBLL01$h0958
=LET  \4$aThe journal of the Helicopter Association of Great Britain (Electronic)

