=LDR  00910nas a22002658i 4500
=001  020954200
=003  Uk
=005  20230209111924.0
=006  m\\\\\\\\d\|\\\\\\
=007  cr||||||||||||
=008  230209d19221926enkuu\p\o\\\\\|\\\a0eng\\
=022  0\$a2976-6877$202
=040  \\$aUk$beng$cUk$erda
=222  \0$aMinutes of proceedings$b(Institution of Aeronautical Engineers. Online)
=245  00$aMinutes of proceedings.
=263  \\$a202306
=264  \1$aLondon :$bInstitution of Aeronautical Engineers,$c1922-1926.
=336  \\$atext$2rdacontent
=337  \\$acomputer$2rdamedia
=338  \\$aonline resource$2rdacarrier
=985  \\$aPlease link to ISSN 2976-6907 (Print) on completion. Being digitised by CUP.
=CAT  \\$a10806$b40$c20230209$lBLL01$h1119
=FMT  \\$a  SE
=LAS  \\$a10806$b40$c20230209$lBLL01$h1119
=LET  \0$aMinutes of proceedings (Institution of Aeronautical Engineers) (Electronic)

