=LDR  00815nas a22002778i 4500
=001  020955297
=003  Uk
=005  20230210162624.0
=006  m\\\\\\\\d\|\\\\\\
=007  cr||||||||||||
=008  230210c20239999enktr\p\o\\\\\0\\\a0eng\\
=022  0\$a2976-5978$202
=040  \\$aUk$beng$cUk$erda
=222  \0$aWounds APAC
=245  00$aWounds APAC.
=246  3\$aWounds Asia-Pacific
=263  \\$a202302
=264  \1$aLondon :$bOmniamed Communication Ltd
=310  \\$aThree times a year
=336  \\$atext$2rdacontent
=337  \\$acomputer$2rdamedia
=338  \\$aonline resource$2rdacarrier
=985  \\$aISSN UK Centre: change of title from Wounds Asia, ISSN 2516-8339. Please add 78X/LKR as required.
=CAT  \\$a10973$b40$c20230210$lBLL01$h1626
=FMT  \\$a  SE
=LAS  \\$a10973$b40$c20230210$lBLL01$h1626

