=LDR  00710nas a22002057i 4500
=001  020963311
=003  Uk
=005  20230220105047.0
=007  ta
=008  230220c20229999mv\qr\p\\\\\\\0\\\a0mul\\
=022  \\$a2587-4365
=040  \\$aUk$beng$cUk$erda
=222  \0$aLegea si viata = Law and Life=Zakon i Zizn
=245  00$aLegea si viata :$brevista stiintifico-practica.
=264  \1$aChisinau, Moldova$bAcademia Stefan cel Mare a MAI,$c2022-
=985  \\$aItems to be accessioned on 013599445. New ISSN had been allocated by Moldova, but this is not a change of title.
=CAT  \\$a5110$b40$c20230220$lBLL01$h1050
=FIN  \\$aY$d20230220
=FMT  \\$a  SE
=LAS  \\$a5110$b40$c20230220$lBLL01$h1050

