=LDR  00920nas a22002898i 4500
=001  020981820
=003  Uk
=005  20230306132327.0
=006  m\\\\\\\\d\|\\\\\\
=007  cr||||||||||||
=008  230306c20249999enkqr\j\o\\\\\0\\\a0eng\\
=022  0\$a2976-7024$202
=040  \\$aUk$beng$cUk$erda
=222  \0$aModern British history$b(Online)
=245  00$aModern British history.
=263  \\$a202403
=264  \1$aOxford :$bOxford University Press
=310  \\$aQuarterly
=336  \\$atext$2rdacontent
=337  \\$acomputer$2rdamedia
=338  \\$aonline resource$2rdacarrier
=776  08$iAlso issued in print as:$tModern British history$x2976-7016
=985  \\$aC/T from 20th century British history, ISSN 1477-4674 (Online). Please link on completion.
=CAT  \\$a10806$b40$c20230306$lBLL01$h1323
=FMT  \\$a  SE
=LAS  \\$a10806$b40$c20230306$lBLL01$h1323
=LET  \0$aModern British history (Electronic)

