=LDR  01076cas a22003258i 4500
=001  020988814
=003  Uk
=005  20230321102402.0
=007  ta
=008  230314c19699999enk\x\m\\\\\\\0\\\a0eng\\
=022  0\$a2947-2466$202
=040  \\$aUk$beng$cUk$erda
=222  \0$aStudies in European history$b(Print)
=245  00$aStudies in European history.
=264  \1$aLondon :$bMacmillan and Co Ltd
=310  \\$aIrregular
=336  \\$atext$2rdacontent
=337  \\$aunmediated$2rdamedia
=338  \\$avolume$2rdacarrier
=776  08$iAlso issued online as:$tStudies in European history$x2947-2474
=985  \\$aISSN UK Centre note: ISSN assigned by IC (Springer Project).
=985  \\$aISSN RECORD ONLY. Do not merge. Do not add items.
=985  \\$aMONOGRAPH IN SERIES.
=CAT  \\$a11313$b40$c20230314$lBLL01$h1044
=CAT  \\$a11313$b40$c20230321$lBLL01$h0948
=CAT  \\$a11313$b40$c20230321$lBLL01$h0949
=CAT  \\$a11313$b40$c20230321$lBLL01$h1024
=FMT  \\$a  SE
=LAS  \\$a11313$b40$c20230321$lBLL01$h1024
=LET  \0$aStudies in European history (Print)

