=LDR  01134cas a22003378i 4500
=001  020988815
=003  Uk
=005  20230321102408.0
=006  m\\\\\\\\d\|\\\\\\
=007  cr\|||||||||||
=008  230314c19699999enk\x\m\o\\\\\0\\\a0eng\\
=022  0\$a2947-2474$202
=040  \\$aUk$beng$cUk$erda
=222  \0$aStudies in European history$b(Online)
=245  00$aStudies in European history.
=264  \1$aLondon :$bMacmillan and Co Ltd
=310  \\$aIrregular
=336  \\$atext$2rdacontent
=337  \\$acomputer$2rdamedia
=338  \\$aonline resource$2rdacarrier
=776  08$iAlso issued in print as:$tStudies in European history$x2947-2466
=985  \\$aISSN UK Centre note: ISSN assigned by IC (Springer Project).
=985  \\$aISSN RECORD ONLY. Do not merge. Do not add items.
=985  \\$aMONOGRAPH IN SERIES.
=CAT  \\$a11313$b40$c20230314$lBLL01$h1051
=CAT  \\$a11313$b40$c20230321$lBLL01$h0946
=CAT  \\$a11313$b40$c20230321$lBLL01$h0949
=CAT  \\$a11313$b40$c20230321$lBLL01$h1024
=FMT  \\$a  SE
=LAS  \\$a11313$b40$c20230321$lBLL01$h1024
=LET  \0$aStudies in European history (Electronic)

