=LDR  01137nas a22002898i 4500
=001  020993685
=003  Uk
=005  20230317115631.0
=006  m\\\\\\\\d\|\\\\\\
=007  cr||||||||||||
=008  230317c20239999enkar\t\o\\\\\0\\\a0eng\\
=022  0\$a2753-3905$202
=040  \\$aUk$beng$cUk$erda
=222  \0$aCommercial Interiors UK ... directory$b(Online)
=245  00$aCommercial Interiors UK ... directory.
=263  \\$a202303
=264  \1$aFlackwell Heath :$bCommercial Interiors UK
=310  \\$aAnnual
=336  \\$atext$2rdacontent
=337  \\$acomputer$2rdamedia
=338  \\$aonline resource$2rdacarrier
=776  08$iAlso issued in print as:$tCommercial Interiors UK ... directory$x2753-3891
=985  \\$aCommercial Interiors UK is a new body, will need AC work. Previous (print) title (ISSN 2753-3891) published by BCFA and IDA - publisher states these bodies do not exist anymore, have asked for further information. ISSN UK Centre, SB. 17.3.2023
=CAT  \\$a7152$b40$c20230317$lBLL01$h1156
=FMT  \\$a  SE
=LAS  \\$a7152$b40$c20230317$lBLL01$h1156
=LET  \0$aCommercial Interiors UK ... directory (Electronic)

