=LDR  00780nas a22002538i 4500
=001  020995374
=003  Uk
=005  20230320104617.0
=006  m\\\\\\\\d\|\\\\\\
=007  cr||||||||||||
=008  230320c20239999cau\x\j\o\\\\\0\\\a0eng\\
=022  0\$a2976-7148$202
=040  \\$aUk$beng$cUk$erda
=222  \0$aTherapeutic advances in pediatrics
=245  00$aTherapeutic advances in pediatrics.
=263  \\$a202308
=264  \1$aThousand Oaks, California :$bSAGE
=336  \\$atext$2rdacontent
=337  \\$acomputer$2rdamedia
=338  \\$aonline resource$2rdacarrier
=985  \\$aC/T from ISSN 1179-5565 Clinical medicine insights. Pediatrics. Please link on completion.
=CAT  \\$a10806$b40$c20230320$lBLL01$h1046
=FMT  \\$a  SE
=LAS  \\$a10806$b40$c20230320$lBLL01$h1046

