=LDR  00831nas a22002778i 4500
=001  020996789
=003  Uk
=005  20230321153155.0
=006  m\\\\\\\\d\|\\\\\\
=007  cr||||||||||||
=008  230321c20239999enkfr\m\o\\\\\0\\\a0eng\\
=022  0\$a2755-3825$202
=040  \\$aUk$beng$cUk$erda
=222  \0$aFieldfare$b(Online)
=245  00$aFieldfare.
=263  \\$a202304
=264  \1$aLondon :$bFieldfare Press Ltd
=310  \\$aSemiannual
=336  \\$atext$2rdacontent
=337  \\$acomputer$2rdamedia
=338  \\$aonline resource$2rdacarrier
=985  \\$aISSN UK Centre note: Please see print version, ISSN 2752-8251, and add 776 fields when completing. ISSN UK, 21.03.2023.
=CAT  \\$a11313$b40$c20230321$lBLL01$h1531
=FMT  \\$a  SE
=LAS  \\$a11313$b40$c20230321$lBLL01$h1531
=LET  \0$aFieldfare (Electronic)

