=LDR  01078nas a22003138i 4500
=001  021024404
=003  Uk
=005  20230417103258.0
=006  m\\\\\\\\d\|\\\\\\
=007  cr||||||||||||
=008  230417c20249999enkfr\j\o\\\\\0\\\a0eng\\
=022  0\$a2976-727X$202
=040  \\$aUk$beng$cUk$erda
=222  \0$aIIMT journal of management$b(Online)
=245  00$aIIMT journal of management.
=246  3\$aIndian Institute of Management Tiruchirappalli journal of management
=263  \\$a202403
=264  \1$aBingley :$bEmerald Publishing Limited
=310  \\$aSemiannual
=336  \\$atext$2rdacontent
=337  \\$acomputer$2rdamedia
=338  \\$aonline resource$2rdacarrier
=776  08$iAlso issued in print as:$tIIMT journal of management$x2976-7261
=985  \\$aISSN UK note: publisher confirmed no connection with ISSN 0975-4695 (email received 14/04/23)
=CAT  \\$a10806$b40$c20230417$lBLL01$h1032
=CAT  \\$a10806$b40$c20230417$lBLL01$h1032
=FMT  \\$a  SE
=LAS  \\$a10806$b40$c20230417$lBLL01$h1032
=LET  \0$aIIMT journal of management (Electronic)

