=LDR  00921cas a22003018i 4500
=001  021024707
=003  Uk
=005  20230615121728.0
=006  m\\\\\\\\d\|\\\\\\
=007  cr||||||||||||
=008  230418c20239999enkwr\p\o\\\\\0\\\a0eng\\
=022  0\$a2755-3973$202
=040  \\$aUk$beng$cUk$erda
=222  \0$aUniverse Catholic weekly$b(Online)
=245  00$aUniverse Catholic weekly.
=263  \\$a202305
=264  \1$aSale :$bUniverse Catholic Weekly Limited
=310  \\$aWeekly
=336  \\$atext$2rdacontent
=337  \\$acomputer$2rdamedia
=338  \\$aonline resource$2rdacarrier
=985  \\$aPlease link to print version, ISSN 2755-3965, on completion
=CAT  \\$a11313$b40$c20230418$lBLL01$h0934
=CAT  \\$a11313$b40$c20230418$lBLL01$h1231
=CAT  \\$a10806$b40$c20230615$lBLL01$h1217
=FMT  \\$a  SE
=LAS  \\$a10806$b40$c20230615$lBLL01$h1217
=LET  \0$aUniverse Catholic weekly (Electronic)

