=LDR  02212cas a22005057i 4500
=001  021027813
=003  Uk
=005  20230621115416.0
=006  m\\\\\\\\d\|\\\\\\
=007  cr||||||||||||
=008  230419c20209999enkqr\g\o\\\\\0\\\a0eng\\
=022  0\$a2753-3980$202
=040  \\$aUk$beng$cUk$erda
=222  \0$6880-01$aBuland'nigari (Lang viyu)$b(Nuskha-i Farsi)
=245  00$6880-02$aBuland'nigari (Lang viyu).
=246  31$aThe long view
=263  \\$a202305
=264  \1$6880-03$aLandan :$bMuassasah-i Islami-i Huquq-i Bashar-i Landan
=310  \\$aQuarterly
=336  \\$atext$2rdacontent
=337  \\$acomputer$2rdamedia
=338  \\$aonline resource$2rdacarrier
=588  0\$6880-04$aDescription based on: Dawrah-i 2, shumarah-i 4 Mihr 1399/ Uktubr 2020 ; title from journal homepage (publisher's website, viewed June 14 2023).
=710  2\$aIslamic Human Rights Commission (Great Britain),$eissuing body.
=775  08$iPersian version of :$tThe long view$x2632-3168
=856  40$uhttps://www.ihrc.org.uk/thelongview/
=880  \0$6222-01$a ()$b 
=880  00$6245-02$a ()
=880  \1$6264-03$a :$b    
=880  0\$6588-04$aDescription based on:  2  4  1399 /  2020; title from journal homepage (publisher's website, viewed June 14 2023).
=985  \\$aISSN UK CENTRE note: Persian version available from volume 2, issue 4 (2020). ISSN UK Centre, 21.6.2023
=CAT  \\$a7152$b40$c20230419$lBLL01$h1507
=CAT  \\$a7152$b40$c20230503$lBLL01$h1427
=CAT  \\$a7152$b40$c20230614$lBLL01$h1251
=CAT  \\$a14485$b40$c20230614$lBLL01$h1434
=CAT  \\$a14485$b40$c20230615$lBLL01$h0927
=CAT  \\$a14485$b40$c20230616$lBLL01$h1218
=CAT  \\$a7152$b40$c20230616$lBLL01$h1349
=CAT  \\$a7152$b40$c20230621$lBLL01$h1124
=CAT  \\$a7152$b40$c20230621$lBLL01$h1131
=CAT  \\$a7152$b40$c20230621$lBLL01$h1154
=FIN  \\$aY$d20230621
=FMT  \\$a  SE
=LAS  \\$a7152$b40$c20230621$lBLL01$h1154
=LET  \4$aThe long view. Persian ed. (Electronic)

