=LDR  00926nas a22002658i 4500
=001  021034588
=003  Uk
=005  20230426101353.0
=006  m\\\\\\\\d\|\\\\\\
=007  cr||||||||||||
=008  230426c20249999enk\x\p\o\\\\\0\\\a0eng\\
=022  0\$a2753-3999$202
=040  \\$aUk$beng$cUk$erda
=222  \0$aResearch directions. Mine closure and transitions
=245  00$aResearch directions$pMine closure and transitions
=263  \\$a202401
=264  \1$aCambridge :$bCambridge University Press & Assessment
=336  \\$atext$2rdacontent
=337  \\$acomputer$2rdamedia
=338  \\$aonline resource$2rdacarrier
=985  \\$aPublisher amended title slightly after application, from 'closures' to 'closure'. ISSN UK Centre, SB. 26.4.2023
=CAT  \\$a7152$b40$c20230426$lBLL01$h1013
=FMT  \\$a  SE
=LAS  \\$a7152$b40$c20230426$lBLL01$h1013
=LET  \0$aResearch directions. Mine closure and transitions (Electronic)

