=LDR  01047nas a22003018i 4500
=001  021049648
=003  Uk
=005  20230510135305.0
=006  m\\\\\\\\d\|\\\\\\
=007  cr||||||||||||
=008  230510c20239999enk\x\p\o\\\\\0\\\a0eng\\
=022  0\$a2976-8489$202
=040  \\$aUk$beng$cUk$erda
=222  \0$aBulletin$b(Institute of Physics (Great Britain). History of Physics Group. Online)
=245  00$aBulletin.
=246  13$aHistory of Physics Group bulletin
=263  \\$a202308
=264  \1$aLondon :$bInstitute of Physics
=310  \\$aIrregular
=336  \\$atext$2rdacontent
=337  \\$acomputer$2rdamedia
=338  \\$aonline resource$2rdacarrier
=776  08$iAlso issued in print as:$tBulletin$x2976-8470
=985  \\$aISSN UK Centre: change of title from 'Newsletter', ISSN 2516-3353. Please add 78X/LKR as required.
=CAT  \\$a10973$b40$c20230510$lBLL01$h1353
=FMT  \\$a  SE
=LAS  \\$a10973$b40$c20230510$lBLL01$h1353
=LET  \0$aBulletin (Institute of Physics (Great Britain). History of Physics Group (Electronic)

