=LDR  01015nas a22002898i 4500
=001  021049673
=003  Uk
=005  20230510143521.0
=006  m\\\\\\\\d\|\\\\\\
=007  cr||||||||||||
=008  230510c20239999enkfr\j\o\\\\\0\\\a0eng\\
=022  0\$a2976-906X$202
=040  \\$aUk$beng$cUk$erda
=222  \0$aJournal of innovative digital transformation$b(Online)
=245  00$aJournal of innovative digital transformation.
=263  \\$a202309
=264  \1$aBingley :$bEmerald Publishing Limited
=310  \\$aSemiannual
=336  \\$atext$2rdacontent
=337  \\$acomputer$2rdamedia
=338  \\$aonline resource$2rdacarrier
=776  08$iAlso issued in print as:$tJournal of innovative digital transformation$x2976-9051
=985  \\$aPublisher indicates frequency will be 2 in 2023, 3 in 2024, 4 in 2025. ISSN UK Centre, 10.5.23
=CAT  \\$a7152$b40$c20230510$lBLL01$h1435
=FMT  \\$a  SE
=LAS  \\$a7152$b40$c20230510$lBLL01$h1435
=LET  \0$aJournal of innovative digital transformation (Electronic)

