=LDR  00843nas a22002778i 4500
=001  021056405
=003  Uk
=005  20230518105518.0
=006  m\\\\\\\\d\|\\\\\\
=007  cr||||||||||||
=008  230518c20249999enkqr\p\o\\\\\0\\\a0eng\\
=022  0\$a2976-856X$202
=040  \\$aUk$beng$cUk$erda
=222  \0$aNAR molecular medicine
=245  00$aNAR molecular medicine.
=246  3\$aNucleic acids research molecular medicine
=263  \\$a202401
=264  \1$aOxford :$bOxford University Press
=310  \\$aQuarterly
=336  \\$atext$2rdacontent
=337  \\$acomputer$2rdamedia
=338  \\$aonline resource$2rdacarrier
=985  \\$aISSN UK Centre: related to ISSN 1362-4962, Nucleic acids research, please link on completion.
=CAT  \\$a10973$b40$c20230518$lBLL01$h1055
=FMT  \\$a  SE
=LAS  \\$a10973$b40$c20230518$lBLL01$h1055

