=LDR  01036nas a22002778i 4500
=001  021056419
=003  Uk
=005  20230518111249.0
=006  m\\\\\\\\d\|\\\\\\
=007  cr||||||||||||
=008  230518c20239999enkar\j\o\\\\\0\\\a0eng\\
=022  0\$a2976-9094$202
=040  \\$aUk$beng$cUk$erda
=222  \0$aEmerging minds journal for student research
=245  00$aEmerging minds journal for student research.
=263  \\$a202309
=264  \1$aGosport :$bIPI Publishing
=310  \\$aAnnual
=336  \\$atext$2rdacontent
=337  \\$acomputer$2rdamedia
=338  \\$aonline resource$2rdacarrier
=985  \\$aConsider title when completing/cataloguing - is it title run through, or subtitle information? Also, consider frequency, publisher states "publishing one volume per year with articles accepted on a continuous basis". ISSN UK Centre, 18.5.2023
=CAT  \\$a7152$b40$c20230518$lBLL01$h1112
=FMT  \\$a  SE
=LAS  \\$a7152$b40$c20230518$lBLL01$h1112
=LET  \0$aEmerging minds journal for student research (Electronic)

