=LDR  00860nas a22002898i 4500
=001  021056959
=003  Uk
=005  20230519143018.0
=006  m\\\\\\\\d\|\\\\\\
=007  cr||||||||||||
=008  230519c20239999enk\x\p\o\\\\\0\\\a0eng\\
=022  0\$a2976-873X$202
=040  \\$aUk$beng$cUk$erda
=222  \0$aZip$b(Qualify. Online)
=245  00$aZip.
=263  \\$a202306
=264  \1$aBristol :$bM. Scrase
=310  \\$aIrregular
=336  \\$atext$2rdacontent
=337  \\$acomputer$2rdamedia
=338  \\$aonline resource$2rdacarrier
=776  08$iAlso issued in print as:$tZip$x2976-8721
=985  \\$aISSN UK Centre: frequency = irregular, issues will be crowdfunded online and then published as funding allows.
=CAT  \\$a10973$b40$c20230519$lBLL01$h1430
=FMT  \\$a  SE
=LAS  \\$a10973$b40$c20230519$lBLL01$h1430
=LET  \0$aZip (Electronic)

