=LDR  00784nas a22002658i 4500
=001  021064480
=003  Uk
=005  20230525163038.0
=006  m\\\\\\\\d\|\\\\\\
=007  cr||||||||||||
=008  230525c20249999enkfr\p\o\\\\\0\\\a0eng\\
=022  0\$a2976-8756$202
=040  \\$aUk$beng$cUk$erda
=222  \0$aMental health and digital technologies
=245  00$aMental health and digital technologies.
=263  \\$a202406
=264  \1$aBingley :$bEmerald Publishing Limited
=310  \\$aSemiannual
=336  \\$atext$2rdacontent
=337  \\$acomputer$2rdamedia
=338  \\$aonline resource$2rdacarrier
=985  \\$aISSN UK Centre: 2 issues in 2024, quarterly from 2025-.
=CAT  \\$a10973$b40$c20230525$lBLL01$h1630
=FMT  \\$a  SE
=LAS  \\$a10973$b40$c20230525$lBLL01$h1630

