=LDR  00893nas a22002898i 4500
=001  021087484
=003  Uk
=005  20230612130224.0
=006  m\\\\\\\\d\|\\\\\\
=007  cr||||||||||||
=008  230612c20239999enkar\j\o\\\\\0\\\a0eng\\
=022  0\$a2976-7717$202
=040  \\$aUk$beng$cUk$erda
=222  \0$aDiscrimination$b(Qualify. Online)
=245  00$aDiscrimination.
=263  \\$a202305
=264  \1$aSale, Cheshire :$bTransnational Press London
=310  \\$aAnnual
=336  \\$atext$2rdacontent
=337  \\$acomputer$2rdamedia
=338  \\$aonline resource$2rdacarrier
=776  08$iAlso issued in print as:$tDiscrimination$x2976-7709
=985  \\$aC/T from Journal of Gypsy Studies (ISSN 2515-3072). Please link on completion.
=CAT  \\$a10806$b40$c20230612$lBLL01$h1302
=FMT  \\$a  SE
=LAS  \\$a10806$b40$c20230612$lBLL01$h1302
=LET  \0$aDiscrimination (Electronic)

