=LDR  00917cas a22002778i 4500
=001  021088052
=003  Uk
=005  20230630110155.0
=006  m\\\\\\\\d\|\\\\\\
=007  cr||||||||||||
=008  230613c20249999enkar\j\o\\\\\0\\\a0eng\\
=022  0\$a2977-0114$202
=040  \\$aUk$beng$cUk$erda
=222  \0$aJournal of responsible production and consumption
=245  00$aJournal of responsible production and consumption.
=263  \\$a202412
=264  \1$aBingley :$bEmerald Publishing Limited
=310  \\$aAnnual
=336  \\$atext$2rdacontent
=337  \\$acomputer$2rdamedia
=338  \\$aonline resource$2rdacarrier
=985  \\$aISSN UK Centre: title changed ahead of publication from 'Responsible production and consumption' email rec'd 30/6/23 DLW.
=CAT  \\$a11313$b40$c20230613$lBLL01$h1314
=CAT  \\$a10973$b40$c20230630$lBLL01$h1101
=FMT  \\$a  SE
=LAS  \\$a10973$b40$c20230630$lBLL01$h1101

