=LDR  00797nas a22002778i 4500
=001  021094186
=003  Uk
=005  20230620125924.0
=006  m\\\\\\\\d\|\\\\\\
=007  cr||||||||||||
=008  230620c20239999enkfr\g\o\\\\\0\\\a0eng\\
=022  0\$a2976-7881$202
=040  \\$aUk$beng$cUk$erda
=222  \0$aSmashing blobfish$b(Online)
=245  00$aSmashing blobfish.
=263  \\$a202306
=264  \1$aWinchester :$bUniversity of Winchester
=310  \\$aSemiannual
=336  \\$atext$2rdacontent
=337  \\$acomputer$2rdamedia
=338  \\$aonline resource$2rdacarrier
=985  \\$aPlease link to ISSN 2753-5940 (Print) on completion.
=CAT  \\$a10806$b40$c20230620$lBLL01$h1259
=FMT  \\$a  SE
=LAS  \\$a10806$b40$c20230620$lBLL01$h1259
=LET  \0$aSmashing blobfish (Electronic)

