=LDR  01026nas a22002898i 4500
=001  021116074
=003  Uk
=005  20230622142558.0
=006  m\\\\\\\\d\|\\\\\\
=007  cr||||||||||||
=008  230622c20249999enk\x\m\o\\\\\0\\\a0eng\\
=022  0\$a2977-1358$202
=040  \\$aUk$beng$cUk$erda
=222  \0$aCambridge elements in economic history$b(Online)
=245  00$aCambridge elements in economic history.
=263  \\$a202406
=264  \1$aCambridge :$bCambridge University Press
=310  \\$aIrregular
=336  \\$atext$2rdacontent
=337  \\$acomputer$2rdamedia
=338  \\$aonline resource$2rdacarrier
=776  08$iAlso issued in print as:$tCambridge elements in economic history$x2977-134X
=985  \\$aISSN UK Centre: publisher confirms this is a separate series to 'Cambridge elements in history of economics' (ISSN 2976-808X).
=CAT  \\$a10973$b40$c20230622$lBLL01$h1425
=FMT  \\$a  SE
=LAS  \\$a10973$b40$c20230622$lBLL01$h1425
=LET  \0$aCambridge elements in economic history (Electronic)

