=LDR  00863nas a22002658i 4500
=001  021117892
=003  Uk
=005  20230626154700.0
=006  m\\\\\\\\d\|\\\\\\
=007  cr||||||||||||
=008  230626c20249999enk\x\p\o\\\\\0\\\a0eng\\
=022  0\$a2977-1382$202
=040  \\$aUk$beng$cUk$erda
=222  \0$aModuli
=245  00$aModuli.
=263  \\$a202401
=264  \1$aCambridge :$bCambridge University Press
=336  \\$atext$2rdacontent
=337  \\$acomputer$2rdamedia
=338  \\$aonline resource$2rdacarrier
=776  08$iAlso issued in print as:$tModuli$c(Amsterdam)$x2949-7647
=985  \\$aISSN UK Centre: CUP publishing online OA resource on behalf of Stichting Compositio Mathematica in Amsterdam, print ISSN assigned by ISSN Netherlands.
=CAT  \\$a10973$b40$c20230626$lBLL01$h1547
=FMT  \\$a  SE
=LAS  \\$a10973$b40$c20230626$lBLL01$h1547

