=LDR  00888nas a22003018i 4500
=001  021132721
=003  Uk
=005  20230705084408.0
=006  m\\\\\\\\d\|\\\\\\
=007  cr||||||||||||
=008  230705c20239999enktr\s\o\\\\\0\\\a0eng\\
=022  0\$a2976-7946$202
=040  \\$aUk$beng$cUk$erda
=222  \0$aSixShires rail$b(Online)
=245  00$aSixShires rail.
=246  3\$aSixShiresRail
=246  3\$aSix shires rail
=263  \\$a202308
=264  \1$aGrantham :$bRailfuture Lincolnshire & East Midlands Branches
=310  \\$aThree times a year
=336  \\$atext$2rdacontent
=337  \\$acomputer$2rdamedia
=338  \\$aonline resource$2rdacarrier
=985  \\$aPlease link to print version (ISSN 2976-7938) on completion.
=CAT  \\$a10806$b40$c20230705$lBLL01$h0844
=FMT  \\$a  SE
=LAS  \\$a10806$b40$c20230705$lBLL01$h0844
=LET  \0$aSixShires rail (Electronic)

