=LDR  01055nas a22002898i 4500
=001  021135089
=003  Uk
=005  20230707105408.0
=006  m\\\\\\\\d\|\\\\\\
=007  cr||||||||||||
=008  230707c20249999enkqr\p\o\\\\\0\\\a0eng\\
=022  0\$a2977-0262$202
=040  \\$aUk$beng$cUk$erda
=222  \0$aInternational journal of prison health$b(Online)
=245  00$aInternational journal of prison health.
=263  \\$a202403
=264  \1$aBingley :$bEmerald Publishing Limited
=310  \\$aQuarterly
=336  \\$atext$2rdacontent
=337  \\$acomputer$2rdamedia
=338  \\$aonline resource$2rdacarrier
=776  08$iAlso issued in print as:$tInternational journal of prison health$x2977-0254
=985  \\$aISSN UK Centre note: C/T from 'International journal of prisoner health' ISSN 1744-9219 - please add 78X and LKR fields when completing. ISSN UK, 07.07.2023.
=CAT  \\$a11313$b40$c20230707$lBLL01$h1054
=FMT  \\$a  SE
=LAS  \\$a11313$b40$c20230707$lBLL01$h1054
=LET  \0$aInternational journal of prison health (Electronic)

