=LDR  01817cas a22004937i 4500
=001  021138177
=003  Uk
=005  20230817124052.0
=006  m\\\\\\\\d\|\\\\\\
=007  cr\|||||||||||
=008  230711c20229999ne\uu\j\o\\\\\0\\\a0eng\\
=022  \\$a2666-9404
=040  \\$aUk$beng$cUk$erda
=082  04$a641.302$223
=245  00$aLetters in functional foods.
=264  \1$a[Bussum, Netherlands?] :$bBentham Science Publishers,$c2022-
=336  \\$atext$2rdacontent
=337  \\$acomputer$2rdamedia
=338  \\$aonline resource$2rdacarrier
=540  \\$aCurrent copyright fee: zero$c38\0$5Uk
=588  \\$aDescription based on: volume 1, issue 1 (2024); title from journal homepage (viewed July 11, ).
=856  \\$31850-9999$uhttp://benthamscience.com/$xBLDSS
=856  40$uhttps://benthamscience.com/journal/212
=945  \\$aLetters in functional foods
=979  \\$aBritish Library$bDSC$j5185.126720N
=985  \\$a222 not confirmed - please add when ISSN Netherlands have completed the ISSN record (Richard, 11/07/23)
=CAT  \\$a10806$b40$c20230711$lBLL01$h1402
=CAT  \\$a12654$b40$c20230718$lBLL01$h1133
=CAT  \\$aBLDSS-3PM$b00$c20230724$lBLL01$h1251
=CAT  \\$aBATCH-UPD$b00$c20230724$lBLL01$h1254
=CAT  \\$a12654$b40$c20230725$lBLL01$h0955
=CAT  \\$a8055$b40$c20230802$lBLL01$h1541
=CAT  \\$a5410$b40$c20230804$lBLL01$h1346
=CAT  \\$a5410$b40$c20230804$lBLL01$h1347
=CAT  \\$a5410$b40$c20230809$lBLL01$h0814
=CAT  \\$a5410$b40$c20230817$lBLL01$h1240
=CAT  \\$a5410$b40$c20230817$lBLL01$h1240
=CFI  0\$aCurrent copyright fee: zero$c38\0$e18-jul-2023$fGBP0.00$g0$hP$5Uk
=FFP  \\$aY$bBLDSS-3PM
=FIN  \\$aY$d20230711
=FMT  \\$a  SE
=LAS  \\$a5410$b40$c20230817$lBLL01$h1240
=MNI  \\$a2666-9390
=TOC  \\$aETOC

