=LDR  01005nas a22002898i 4500
=001  021155424
=003  Uk
=005  20230731092527.0
=006  m\\\\\\\\d\|\\\\\\
=007  cr||||||||||||
=008  230731c20259999enkbr\p\o\\\\\0\\\a0eng\\
=022  0\$a2977-0424$202
=040  \\$aUk$beng$cUk$erda
=222  \0$aNatural language processing$b(Qualify)
=245  00$aNatural language processing.
=263  \\$a202501
=264  \1$aCambridge :$bCambridge University Press
=310  \\$aBimonthly
=336  \\$atext$2rdacontent
=337  \\$acomputer$2rdamedia
=338  \\$aonline resource$2rdacarrier
=985  \\$aISSN UK Centre note: Due to start with Vol. 31, issue 1. C/T from Natural language engineering, ISSN 1469-8110 - please add 78X and LKR fields when completing, ISSN UK, 31.07.2023.
=CAT  \\$a11313$b40$c20230731$lBLL01$h0924
=CAT  \\$a11313$b40$c20230731$lBLL01$h0925
=FMT  \\$a  SE
=LAS  \\$a11313$b40$c20230731$lBLL01$h0925
=LET  \0$aNatural language processing (Electronic)

