=LDR  01188nas a22003498i 4500
=001  021166515
=003  Uk
=005  20230807093020.0
=006  m\\\\\\\\d\|\\\\\\
=007  cr||||||||||||
=008  230807c20239999enkmx\g\o\\\\\0\\\a0eng\\
=022  0\$a2977-3660$202
=040  \\$aUk$beng$cUk$erda
=222  \0$aOverlander 4x4$b(Qualify. Online)
=245  00$aOverlander 4x4.
=246  3\$aOverlander 4 x 4
=246  3\$aOverlander four by four
=263  \\$a202311
=264  \1$aBurton upon Trent :$bAssignment Media Ltd
=310  \\$aThirteen times a year
=336  \\$atext$2rdacontent
=337  \\$acomputer$2rdamedia
=338  \\$aonline resource$2rdacarrier
=776  08$iAlso issued in print as:$tOverlander 4x4$x2977-3652
=985  \\$aC/T from 4 x 4 (print ISSN 1475-6188, no online ISSN).
=985  \\$aConsider 222 qualification? Overlander 4x4 mentioned as an earlier title in ISSN 0268-4586 Off road and 4 wheel driver.
=CAT  \\$a10806$b40$c20230807$lBLL01$h0928
=CAT  \\$a10806$b40$c20230807$lBLL01$h0929
=CAT  \\$a10806$b40$c20230807$lBLL01$h0930
=FMT  \\$a  SE
=LAS  \\$a10806$b40$c20230807$lBLL01$h0930
=LET  \0$aOverlander 4x4 (Electronic)

