=LDR  01018nas a22002778i 4500
=001  021172939
=003  Uk
=005  20230810180356.0
=006  m\\\\\\\\d\|\\\\\\
=007  cr||||||||||||
=008  230810c20239999enk\x\m\o\\\\\0\\\a0eng\\
=022  0\$a2977-1625$202
=040  \\$aUk$beng$cUk$erda
=222  \0$aJNCC/Scottish Government's Marine Directorate partnership report series
=245  00$aJNCC/Scottish Government's Marine Directorate partnership report series
=246  3\$aJoint Nature Conservation Committee/Scottish Government's Marine Directorate partnership report series
=263  \\$a202310
=264  \1$aPeterborough :$bJNCC
=310  \\$aIrregular
=336  \\$atext$2rdacontent
=337  \\$acomputer$2rdamedia
=338  \\$aonline resource$2rdacarrier
=985  \\$aISSN UK Centre: change of title from 'JNCC/MSS partnership report series', ISSN 2634-2081, please link on completion.
=CAT  \\$a10973$b40$c20230810$lBLL01$h1803
=FMT  \\$a  SE
=LAS  \\$a10973$b40$c20230810$lBLL01$h1803

