=LDR  00919nas a22002898i 4500
=001  021173221
=003  Uk
=005  20230811150133.0
=006  m\\\\\\\\d\|\\\\\\
=007  cr||||||||||||
=008  230811c20249999enkqr\j\o\\\\\0\\\a0eng\\
=022  0\$a2977-0548$202
=040  \\$aUk$beng$cUk$erda
=222  \0$aAJE open
=245  00$aAJE open.
=246  3\$aAmerican journal of epidemiology open
=263  \\$a202404
=264  \1$aOxford :$bOxford University Press
=310  \\$aQuarterly
=336  \\$atext$2rdacontent
=337  \\$acomputer$2rdamedia
=338  \\$aonline resource$2rdacarrier
=985  \\$aISSN UK Centre note: from correspondence with publisher - "The new launch AJE Open will be related to the American journal of epidemiology but separate from [it]".
=CAT  \\$a11313$b40$c20230811$lBLL01$h1501
=FMT  \\$a  SE
=LAS  \\$a11313$b40$c20230811$lBLL01$h1501
=LET  \0$aAJE open (Electronic)

