=LDR  00905nas a22002898i 4500
=001  021201626
=003  Uk
=005  20230906121145.0
=007  ta
=008  230906c20129999enkar\\\\\\\\\0\\\a0eng\\
=022  0\$a2947-8804$202
=040  \\$aUk$beng$cUk$erda
=222  \0$aGlobal civil society yearbook$b(Print)
=245  00$aGlobal civil society yearbook
=263  \\$a202306
=264  \1$aBasingstoke :$bPalgrave Macmillan
=310  \\$aAnnual
=336  \\$atext$2rdacontent
=337  \\$aunmediated$2rdamedia
=338  \\$avolume$2rdacarrier
=985  \\$aISSN UK Centre: ISSN suppressed 6/9/23. Double assignment with 2753-0019.
=985  \\$aISSN UK Centre: ISSN assigned by IC (Springer project).
=985  \\$aISSN RECORD ONLY. Do not merge. Do not add items.
=CAT  \\$a10973$b40$c20230906$lBLL01$h1211
=FMT  \\$a  SE
=LAS  \\$a10973$b40$c20230906$lBLL01$h1211
=STA  \\$aSUPPRESSED$bISSN

