=LDR  01469cas a22004458i 4500
=001  021205189
=003  Uk
=005  20230926143655.0
=006  m\\\\\\\\d\|\\\\\\
=007  cr\|||||||||||
=008  191112c20249999enkuu\j\o\\\\\0\\\a0eng\\
=022  0\$a2948-2828$202
=040  \\$aUk$beng$cUk$erda
=082  04$a612.39$223
=222  \0$anpj metabolic health and disease
=245  00$anpj metabolic health and disease.
=263  \\$a202403
=264  \1$aLondon :$bNature Portfolio
=336  \\$atext$2rdacontent
=337  \\$acomputer$2rdamedia
=338  \\$aonline resource$2rdacarrier
=540  \\$aCurrent copyright fee: zero$c16\0$5Uk
=856  \\$31850-9999$uhttp://www.nature.com/$xBLDSS
=945  \\$anpj metabolic health and disease
=979  \\$aBritish Library$bDSC$j6180.501901
=985  \\$aISSN UK Centre: ISSN assigned by IC (Springer project).
=CAT  \\$a6558$b40$c20230912$lBLL01$h1505
=CAT  \\$a6558$b40$c20230912$lBLL01$h1509
=CAT  \\$a6558$b40$c20230912$lBLL01$h1521
=CAT  \\$aBATCH-UNOA$c20230913$lBLL01$h0241
=CAT  \\$aBLDSS-3PM$b00$c20230919$lBLL01$h0909
=CAT  \\$aBATCH-UPD$b00$c20230919$lBLL01$h1556
=CAT  \\$a10806$b40$c20230926$lBLL01$h1426
=CAT  \\$a5410$b40$c20230926$lBLL01$h1436
=CFI  0\$aCurrent copyright fee: zero$c16\0$e12-sep--2023$fGBP0.00$g0$hP$5Uk
=FFP  \\$aY$bBLDSS-3PM
=FMT  \\$a  SE
=LAS  \\$a5410$b40$c20230926$lBLL01$h1436
=TOC  \\$aETOC
=UNO  \\$aY

