=LDR  00994nas a22002898i 4500
=001  021211734
=003  Uk
=005  20230918074758.0
=006  m\\\\\\\\d\|\\\\\\
=007  cr||||||||||||
=008  230918c20239999enkar\\\o\\\\\1\\\a0eng\\
=022  0\$a2977-389X$202
=040  \\$aUk$beng$cUk$erda
=222  \0$aPhilosophers of London in Solidarity
=245  00$aPhilosophers of London in Solidarity.
=246  30$aPOLIS
=263  \\$a202309
=264  \1$aLondon :$bPhilosophers of London in Solidarity
=310  \\$aAnnual
=336  \\$atext$2rdacontent
=337  \\$acomputer$2rdamedia
=338  \\$aonline resource$2rdacarrier
=985  \\$aISSN application: "This academic journal will publish the papers presented at the annual London University Philosophy Conference (LUPC) run by the Philosophers of London in Solidarity (POLIS)".
=CAT  \\$a10806$b40$c20230918$lBLL01$h0746
=CAT  \\$a10806$b40$c20230918$lBLL01$h0747
=FMT  \\$a  SE
=LAS  \\$a10806$b40$c20230918$lBLL01$h0747

