=LDR  00972nas a22002658i 4500
=001  021211776
=003  Uk
=005  20230918105916.0
=006  m\\\\\\\\d\|\\\\\\
=007  cr||||||||||||
=008  230918c20239999enk\x\\\o\\\\\0\\\a0eng\\
=022  0\$a2977-392X$202
=040  \\$aUk$beng$cUk$erda
=222  \0$aCentre for Development Studies report
=245  00$aCentre for Development Studies report.
=263  \\$a202309
=264  \1$aBath :$bDr Aurelie Charles, Department of Social and Policy Sciences, University of Bath
=336  \\$atext$2rdacontent
=337  \\$acomputer$2rdamedia
=338  \\$aonline resource$2rdacarrier
=985  \\$aISSN application form: (frequency) "The publication will vary according to the contributions from the membership of the Centre for Development Studies, University of Bath".
=CAT  \\$a10806$b40$c20230918$lBLL01$h1054
=CAT  \\$a10806$b40$c20230918$lBLL01$h1059
=FMT  \\$a  SE
=LAS  \\$a10806$b40$c20230918$lBLL01$h1059

