=LDR  00900nas a22002898i 4500
=001  021211804
=003  Uk
=005  20230918115701.0
=006  m\\\\\\\\d\|\\\\\\
=007  cr||||||||||||
=008  230918c20249999enkmr\g\o\\\\\0\\\a0eng\\
=022  0\$a2977-3946$202
=040  \\$aUk$beng$cUk$erda
=222  \0$aCosmetics world magazine$b(Online)
=245  00$aCosmetics world magazine.
=263  \\$a202401
=264  \1$aHitchin :$bShowtime Media Services Limited
=310  \\$aMonthly
=336  \\$atext$2rdacontent
=337  \\$acomputer$2rdamedia
=338  \\$aonline resource$2rdacarrier
=776  08$iAlso issued in print as:$tCosmetics world magazine$x2977-3938
=985  \\$aISSN application form: Monthly online, quarterly print.
=CAT  \\$a10806$b40$c20230918$lBLL01$h1157
=FMT  \\$a  SE
=LAS  \\$a10806$b40$c20230918$lBLL01$h1157
=LET  \0$aCosmetics world magazine (Electronic)

