=LDR  01006nas a22002778i 4500
=001  021227570
=003  Uk
=005  20230928161644.0
=006  m\\\\\\\\d\|\\\\\\
=007  cr||||||||||||
=008  230928c20239999enkmr\g\o\\\\\0\\\a0eng\\
=022  0\$a2977-1935$202
=040  \\$aUk$beng$cUk$erda
=222  \0$aJust Dino
=245  00$aJust Dino.
=263  \\$a202310
=264  \1$aWestcliff on Sea :$bMemory Hive Productions
=310  \\$aMonthly
=336  \\$atext$2rdacontent
=337  \\$acomputer$2rdamedia
=338  \\$aonline resource$2rdacarrier
=985  \\$aISSN UK Centre: official journal of the Dean Martin Association, previously published in print (last issue volume 51 (2011). Memory Hive Productions re-launching title online from October 2023. Original start date of print resource was November 1960, please update dates as required.
=CAT  \\$a10973$b40$c20230928$lBLL01$h1600
=CAT  \\$a10973$b40$c20230928$lBLL01$h1616
=FMT  \\$a  SE
=LAS  \\$a10973$b40$c20230928$lBLL01$h1616

