=LDR  00891nas a22002898i 4500
=001  021247966
=003  Uk
=005  20231012100528.0
=006  m\\\\\\\\d\|\\\\\\
=007  cr||||||||||||
=008  231012c20239999enkqr\p\o\\\\\0\\\a0eng\\
=022  0\$a2977-8050$202
=040  \\$aUk$beng$cUk$erda
=222  \0$aPolicy intel$b(Online)
=245  00$aPolicy intel.
=263  \\$a202310
=264  \1$aLondon :$bBrian Reuben Policy Group Limited
=310  \\$aQuarterly
=336  \\$atext$2rdacontent
=337  \\$acomputer$2rdamedia
=338  \\$aonline resource$2rdacarrier
=776  08$iAlso issued in print as:$tPolicy intel$x2977-8042
=985  \\$aISSN UK Centre: change of title from 'The agenda' ISSN 2977-800X ; please link as required.
=CAT  \\$a10973$b40$c20231012$lBLL01$h1005
=FMT  \\$a  SE
=LAS  \\$a10973$b40$c20231012$lBLL01$h1005
=LET  \0$aPolicy intel (Electronic)

