=LDR  00873nas a22002778i 4500
=001  021253394
=003  Uk
=005  20231016125646.0
=006  m\\\\\\\\d\|\\\\\\
=007  cr||||||||||||
=008  231016c20239999enkar\j\o\\\\\0\\\a0eng\\
=022  0\$a2977-4055$202
=040  \\$aUk$beng$cUk$erda
=222  \0$aMicrobiology & infectious diseases$b(Qualify)
=245  00$aMicrobiology & infectious diseases :$bthe American medical journal.
=263  \\$a202311
=264  \1$aLondon :$bEMJ
=310  \\$aAnnual
=336  \\$atext$2rdacontent
=337  \\$acomputer$2rdamedia
=338  \\$aonline resource$2rdacarrier
=985  \\$aISSN UK note: consider link with ISSN 2732-5326 EMJ. Microbiology & infectious diseases.
=CAT  \\$a10806$b40$c20231016$lBLL01$h1252
=CAT  \\$a10806$b40$c20231016$lBLL01$h1256
=FMT  \\$a  SE
=LAS  \\$a10806$b40$c20231016$lBLL01$h1256

